2442 3902
164 188 229 252 316
316 187 521 242 Grammaticae
540 187 643 242 aetatis
663 186 852 242 Varronianae
871 186 1031 256 fragmenta

164 349 285 403 Mulier
309 347 472 418 (Qoallenbr.
492 349 517 402 d.
542 350 593 418 Ny.
613 349 639 401 d.
662 347 737 402 Plio.
752 365 783 417 p.
798 351 861 412 147;
885 348 919 414 cf.
944 349 980 416 fr.
996 349 1051 417 61),
1078 349 1162 418 pacta

162 426 244 490 atoue
261 437 294 475 ec
313 438 382 489 qaae
404 427 505 474 namot
522 421 635 474 Plinius
653 437 681 472 a.
700 420 726 472 h.
747 423 840 485 7,114
866 421 900 474 dc
921 426 1016 474 ccam
1034 421 1161 474 Euclio
1210 447 1212 484 Ι

162 490 490 630 olelechgplgcepupnm
517 493 672 547 constituto.
710 492 745 558 cf.
775 491 830 546 (lic.
854 508 909 560 pro
934 492 1017 546 Arch.
1036 497 1085 546 22.
1119 491 1160 546 Vol

236 652 302 718 1Q.
323 653 398 708 Ricc.
427 667 483 720 qua
502 651 581 707 Lce‘d.
610 667 694 719 quam
714 652 806 706 Poris.
827 651 892 706 Lat.
912 655 985 706 6797

638 787 703 844 301

230 893 353 953 Publius
365 891 522 953 Terentius
536 891 610 951 Afer
625 890 805 970 Carthagine
820 894 909 952 natus
928 894 1057 952 servivit
1070 893 1164 952 Romae

163 982 303 1042 Terentio
326 981 611 1056 Lucanosenatori,
640 1000 658 1040 a
681 1001 740 1058 quo
763 981 800 1039 ob
824 981 978 1061 ingenium
1002 985 1034 1040 ei
1055 983 1164 1041 forman
1205 985 1214 1057 Ι

163 1089 223 1130 non
245 1074 402 1130 institutus
426 1071 513 1130 modo
536 1070 710 1146 liberaliter,
734 1071 784 1129 sed
804 1074 835 1130 et
857 1074 974 1130 mature
997 1089 1089 1130 manu
1110 1069 1165 1128 mis·
1206 1066 1214 1125 :³

163 1179 211 1221 sus
245 1163 297 1220 est.
344 1161 467 1238 quidam
499 1163 621 1236 captum
653 1179 715 1220 ease
748 1159 928 1219 existimant.
958 1192 1000 1201 —
1033 1161 1083 1220 hic
1112 1179 1165 1218 con
1212 1163 1214 1240 f

137 1270 148 1310 s
163 1251 266 1310 multis
281 1250 430 1310 nobilibus
444 1249 635 1309 familiariter
650 1249 733 1322 vixit,
751 1249 803 1308 sed
818 1249 946 1308 maxime
960 1269 1029 1308 cum
1043 1248 1165 1327 Scipione
1212 1304 1213 1317 ,

162 1340 305 1399 Africano
330 1343 360 1399 et
384 1338 414 1398 (l.
438 1339 550 1413 Laelio,
579 1338 686 1414 quibus
710 1338 801 1397 etiam
829 1339 961 1416 corporis
988 1339 1090 1417 gratia
1111 1357 1166 1398 con·

162 1429 281 1489 ciliatus
309 1430 498 1489 existimatur
526 1460 581 1502 -,
606 1429 742 1504 quamvis
767 1425 954 1487 —Porcius
982 1430 1166 1504 suspitionem

162 1518 198 1577 de
221 1517 435 1578 consuetudine
462 1537 517 1594 per
542 1518 615 1576 hacc
642 1517 735 1576 faciat
763 1511 815 1597 [fr.
837 1511 884 1596 4]:
916 1511 999 1576 ‘dum
1026 1518 1166 1577 lasciviam

162 1607 308 1667 nobilium
331 1611 361 1667 et
388 1607 491 1666 laudes
519 1607 637 1666 fucosae
664 1606 754 1682 petit,
779 1599 794 1686 Ι
818 1607 889 1666 (lum
912 1606 1050 1666 Africani
1079 1625 1166 1666 vocem

123 1717 148 1756 1o
163 1696 296 1756 divinam
319 1697 417 1757 inhiat
440 1697 535 1756 avidis
559 1695 694 1768 auribus,
714 1688 728 1775 Ι
748 1695 820 1755 dum
843 1696 881 1755 ed
904 1696 1026 1756 Philum
1049 1715 1080 1756 se
1102 1697 1166 1756 ceni·

162 1789 227 1846 tare
251 1790 281 1845 et
303 1785 440 1846 Laelium
462 1785 621 1862 pulchrum
643 1787 741 1862 putat,
765 1777 781 1864 Ι
805 1784 876 1844 dum
899 1805 930 1846 se
954 1786 991 1845 ab
1014 1786 1167 1846 hisamari

163 1875 266 1951 credit,
289 1876 392 1936 crebro
415 1876 447 1933 in
465 1874 616 1935 Albanum
639 1873 705 1951 rapi
724 1867 739 1954 Ι
759 1906 998 1935 ........
1020 1875 1059 1935 ob
1079 1875 1167 1934 florem

163 1964 271 2024 aetatis
295 1983 380 2041 suae,
409 1957 425 2044 Ι
452 1967 522 2039 post
544 1965 670 2024 sublatis
697 1964 785 2024 rebus
810 1964 847 2023 ed
870 1981 1018 2023 summam
1047 1965 1166 2042 inopiam

162 2053 300 2113 redactus
323 2057 376 2114 est.
396 2049 413 2133 Ι
431 2054 533 2130 itaque
553 2073 588 2112 ex
607 2056 767 2130 conspectu
791 2055 923 2112 omnium
944 2052 1021 2113 abiit
1040 2053 1167 2114 Graeciae

123 2165 148 2204 15
162 2145 195 2202 in
217 2146 328 2202 terram
351 2145 498 2203 ultimam.
524 2135 538 2222 Ι
561 2145 711 2203 mortuust
734 2141 914 2220 Stymphali,
936 2143 1086 2204 Arcadiae
1107 2137 1168 2222 (in)
1216 2135 1217 2156 ¹

163 2233 282 2310 oppido.
325 2235 369 2293 nil
392 2229 542 2310 P<ubli0>
561 2224 576 2312 Ι
597 2232 697 2307 Scipio
720 2232 847 2308 profuit,
876 2233 953 2291 nihil
979 2233 1028 2292 illi
1052 2234 1168 2303 Laeliae,

163 2323 207 2381 nil
229 2321 351 2398 Furius,
370 2315 385 2402 Ι
405 2325 466 2381 tres
489 2341 542 2398 per
564 2322 645 2381 idem
667 2324 786 2398 tempus
810 2321 863 2398 qui
887 2321 1047 2399 agitabant
1069 2322 1169 2382 nobiles

162 2412 321 2472 facillime:
347 2404 363 2492 Ι
390 2431 492 2471 eorum
518 2412 570 2470 ille
598 2430 688 2487 opera
715 2431 751 2470 ne
779 2410 899 2470 domum
927 2412 1051 2488 quidem
1077 2411 1169 2470 habuit

164 2500 389 2577 conducticiam,
410 2493 425 2581 Ι
445 2501 552 2561 saltem
569 2503 604 2559 ut
623 2503 700 2560 esset
714 2520 774 2577 quo
792 2501 917 2560 referret
934 2500 1051 2560 obitum
1071 2499 1169 2560 domini

124 2611 149 2652 ao
164 2583 321 2650 servulus'.
346 2590 467 2666 scripsit
476 2590 642 2650 comoedias
657 2609 716 2665 sex,
731 2589 884 2666 exquibus
898 2589 1027 2666 primam
1039 2590 1169 2650 Andritm

164 2700 231 2740 cum
246 2680 391 2739 aedilibus
408 2679 501 2754 daret,
520 2680 616 2739 iussus
631 2682 701 2738 ante
716 2677 845 2738 Caecilio
862 2680 999 2753 recitare,
1018 2680 1059 2738 ad
1077 2697 1169 2740 cenan-

163 2772 224 2829 tem
252 2789 319 2828 cum
342 2770 480 2846 venisset,
512 2769 623 2828 dicitur
648 2771 770 2828 initium
798 2768 918 2844 quidem
944 2767 1076 2844 fabulae,
1104 2765 1169 2845 quod

164 2860 230 2919 erat
248 2860 463 2934 contemptione
482 2859 601 2932 vestitu,
625 2857 766 2918 subsellio
784 2857 868 2916 iuxta
886 2857 1030 2918 lectulum
1051 2858 1169 2919 recidens

164 2949 280 3027 legisse,
310 2951 379 3024 post
406 2967 517 3023 paucos
540 2966 611 3007 vero
635 2966 738 3007 versus
764 2948 910 3006 invitatus
937 2949 973 3006 ut
996 2947 1169 3006 accumberet

124 3059 149 3098 ao
165 3055 284 3097 cenasse
313 3056 387 3110 una,
421 3038 489 3096 dein
519 3039 617 3096 cetera
646 3037 864 3112 percucurrisse
891 3056 950 3096 non
978 3037 1043 3095 sine
1073 3053 1169 3114 magno

166 3125 288 3186 Caecilii
312 3126 515 3186 admiratione.
563 3127 592 3184 et
615 3125 692 3186 hanc
716 3127 815 3184 eutem
839 3129 869 3184 et
892 3125 1025 3202 quinque
1051 3127 1170 3201 reliqua

165 3217 330 3294 aequaliter
348 3216 459 3292 populo
478 3214 631 3291 probavit3
653 3217 788 3291 quamvis
802 3216 959 3275 Volcacius
977 3216 1011 3274 in
1030 3231 1169 3274 enumera

164 3306 245 3364 tione
269 3307 402 3365 omnium
424 3305 469 3364 ita
492 3305 603 3364 scribat
631 3299 682 3384 [fr.
702 3299 751 3384 2]:
783 3300 930 3364 ‘sumetur
952 3303 1072 3381 Hecyra
1097 3305 1169 3364 sexta

165 3394 250 3451 exilis
274 3389 398 3452 fabula’.
435 3393 595 3453 Eunuchus
618 3393 739 3469 quidem
761 3393 807 3452 bis
830 3393 878 3452 die
901 3397 969 3452 acta
992 3397 1038 3454 est
1060 3393 1168 3454 meruit·

125 3497 151 3536 so
166 3498 221 3552 que
249 3482 392 3554 pretium,
423 3484 567 3554 quantum
594 3482 679 3541 nulla
705 3485 795 3540 antea
818 3484 993 3558 cuiusquam
1020 3480 1168 3550 comoedia,

166 3564 195 3624 id
235 3568 280 3624 est
316 3569 383 3626 octo
420 3569 504 3628 milia
543 3588 739 3632 nummorum.
784 3603 825 3614 —
871 3589 941 3632 nam
977 3571 1167 3652 Adelphorum
