2504 3904
351 186 451 240 Titius.
489 185 525 241 M.
545 187 685 240 Antistius
703 186 797 240 Labeo
1018 186 1082 250 557

294 429 344 512 Μ.
375 427 646 516 ANTISTIUS
678 428 852 514 LABEO

140 614 259 668 Pacarii
281 615 399 669 Antistii
422 615 560 670 Labeonis
581 615 657 682 filins
682 615 728 684 (af.
747 615 826 670 Simn.
848 614 914 683 Cap.
936 614 974 668 ad
996 615 1032 680 fr.
1048 616 1085 683 1),

76 685 193 739 Trebatii
210 685 362 753 enarratas
381 686 458 756 (Die.
474 692 499 753 1,
513 691 540 754 2,
554 691 581 752 2,
595 689 650 755 47),
668 692 782 755 praetor
801 687 877 755 (Tac.
898 703 963 740 ann.
983 690 1009 752 3,
1029 687 1085 754 75),

69 763 130 824 post
146 774 171 810 a.
188 755 280 828 758s5
303 759 474 812 consulatum
495 759 530 812 ab
548 759 674 827 Aaqaeto
698 758 818 812 oblatam
840 759 974 826 suscipere
996 757 1087 812 nolait

71 827 145 953 (lilia
160 827 253 895 ibid.);
271 835 394 884 momans
408 835 447 883 est
464 835 527 884 ante
545 846 571 882 a.
587 829 714 899 wesen
732 830 767 894 cf.
783 829 905 895 Pernioe,
923 829 965 882 M.
981 829 1084 883 Antist.

98 903 281 968 aom9m.
596 940 598 946 ,

276 1127 277 1130 ¹
389 1078 428 1144 A.
452 1077 757 1146 TESTIMONIUM

142 1239 209 1293 Geli.
226 1242 359 1304 13,10,1
383 1238 477 1292 Labeo
496 1238 636 1292 Antistius
659 1239 729 1292 iuris
753 1239 867 1308 quidem
891 1238 982 1293 civilis
1002 1239 1084 1294 disci-

71 1310 178 1379 plinam
205 1309 356 1378 principali
384 1310 477 1364 studio
506 1311 630 1364 exercuit
662 1314 691 1364 et
723 1311 933 1364 consulentibus
962 1311 996 1364 de
1024 1312 1085 1365 iure

69 1379 182 1451 publice
200 1381 412 1449 responsiterit3
437 1384 593 1435 ceterorum
616 1398 727 1450 quoque
752 1383 889 1436 bonarum
908 1382 1009 1436 artium
1028 1399 1085 1435 non

69 1468 168 1520 expers
182 1451 246 1520 fuit,
265 1455 293 1506 et
311 1452 341 1505 in
356 1453 571 1522 grammaticam
590 1469 649 1506 sese
669 1457 754 1522 etque
769 1453 949 1507 dialecticam
962 1453 1086 1507 litteras-

69 1540 124 1592 que
143 1522 316 1592 antiquiores
336 1523 504 1592 altioresque
527 1528 724 1592 penetreverat
743 1525 962 1594 Latinarumque
985 1541 1086 1580 vocum

69 1594 191 1664 origines
214 1595 393 1662 rationesque
416 1595 605 1664 percalluerat
628 1612 716 1663 eoque
741 1596 892 1665 praecipue
911 1597 1030 1651 scientia
1049 1598 1086 1651 ed

71 1666 233 1720 enodandos
251 1665 400 1736 plerosque
418 1667 487 1720 iuris
506 1667 621 1735 loqueos
639 1668 779 1721 utebstur.

141 1789 175 1828 err
192 1775 279 1828 certis
298 1774 405 1828 ‘rocem
423 1777 490 1845 orie.
506 1777 678 1843 rationesque
693 1776 777 1843 pere'
794 1782 819 1830 et
831 1792 865 1830 en
877 1777 914 1842 fr.
931 1781 965 1831 16
979 1775 1086 1830 Scione

68 1850 137 1900 recte
155 1845 261 1915 cotieyit
278 1847 310 1899 in
331 1849 512 1916 yrammatica
531 1848 685 1902 Antistium
708 1848 868 1918 anaioyiam
890 1855 1010 1903 semrom
1032 1863 1086 1902 esse

68 1917 180 1985 (Paul.
200 1921 244 1984 42,
259 1920 357 1984 309sq.
395 1919 429 1983 ef.
448 1917 563 1972 Hermes
576 1922 621 1973 25.
660 1923 775 1986 189010.
792 1920 896 1986 3tsq.),
924 1919 997 1988 qaod
1015 1919 1086 1974 istem

66 1989 93 2042 si
112 1987 276 2042 Scianriam
295 1988 433 2055 andimus,
452 1991 483 2042 in
501 1991 721 2058 imisprmdentia
737 1990 811 2056 fecit,
832 1990 878 2044 scol
897 1997 1030 2059 qnantmn
1049 1991 1087 2044 aa

66 2061 140 2114 lianc
159 2058 335 2127 dismaiinam
358 2062 536 2116 inreconsalti
558 2061 638 2115 aliter
660 2062 784 2115 sentiam
805 2064 850 2129 (of.
869 2062 956 2127 Ioers,
980 2063 1085 2131 Panty-

70 2131 154 2184 Wiee.
174 2130 239 2185 RE
256 2135 281 2196 1,
294 2134 386 2198 2555).

413 2311 450 2375 Β.
473 2309 744 2376 FRAGMENTA

287 2467 336 2520 nx
354 2467 470 2521 irenis
490 2468 537 2521 un
556 2469 642 2522 rone
662 2468 865 2524 Pourrrroro

142 2610 208 2664 libri
231 2626 315 2678 usqae
339 2611 377 2664 aa
395 2611 457 2664 XV
472 2614 666 2679 nominatior,
689 2615 730 2667 ael
752 2630 836 2682 asqae
859 2613 896 2666 aol
915 2613 1039 2679 XVIII,
1061 2615 1088 2667 ei

63 2685 137 2736 reete
157 2681 271 2736 Pcrniee
288 2684 403 2737 coniecit
420 2684 446 2751 (l.
462 2701 483 2738 c.
501 2701 529 2751 p.
544 2685 589 2752 47)
608 2685 685 2753 apati
705 2685 880 2738 Macrobiam
898 2688 923 2749 3,
939 2688 983 2749 10,
997 2689 1015 2738 4
1032 2701 1086 2753 pro

65 2754 248 2822 ‘seaayesimo
267 2759 291 2806 et
310 2760 402 2810 octavo
421 2755 501 2808 libro'
523 2755 642 2824 ‘Latrat
662 2755 776 2809 XVIII
791 2755 895 2826 [tarot
915 2755 1087 2810 enitendum

62 2840 121 2879 esee
142 2825 185 2893 (ee
203 2825 286 2878 haias
304 2826 379 2880 modi
396 2827 501 2880 mendis
518 2827 553 2894 of.
575 2826 641 2881 Geli.
662 2830 706 2892 14,
721 2830 747 2892 7,
762 2830 804 2880 13.
827 2831 854 2892 8,
868 2829 913 2896 2)‚·
935 2844 1000 2881 nom
1019 2829 1088 2895 qaia

63 2897 164 2950 Labeo
178 2911 197 2948 a
212 2895 356 2951 Macrobio
370 2899 451 2951 iaxta
463 2898 573 2951 Ateiam
589 2899 748 2964 Capitonem
761 2904 923 2953 immoratae
937 2899 1087 2964 Antistiae,

63 2983 125 3021 non
147 2967 290 3022 Cornelias
308 2969 352 3032 sit,
371 2969 497 3022 initiare
515 2985 572 3022 aon
596 2969 663 3022 lieet.
701 2970 780 3024 tetris
798 2970 841 3024 De
864 2971 924 3024 iare
942 2969 1087 3039 panificia

59 3039 212 3108 pleraeque
230 3039 308 3094 Festi
325 3041 442 3110 yloseae,
465 3040 547 3095 etiam
565 3041 614 3094 abi
631 3041 655 3094 ii
672 3057 729 3094 non
747 3042 933 3110 appellantur,
951 3048 1019 3096 recte
1037 3043 1088 3096 tri·

61 3111 195 3164 breantar
214 3112 258 3179 (fr.
276 3113 309 3164 15
316 3113 374 3179 sq).

412 3283 430 3337 1
457 3275 585 3354 [1414
608 3274 745 3359 Bremer]

136 3403 187 3460 ab.
208 3402 320 3461 VIIII.
361 3405 531 3479 proculiunt
553 3406 734 3478 promittunt
753 3407 797 3464 ait
815 3405 983 3483 significare
1001 3407 1087 3465 Anti-

61 3494 146 3552 stius
171 3490 208 3550 de
230 3492 294 3550 iure
317 3492 482 3569 pontificali
505 3492 525 3550 l.
543 3493 642 3551 VHII.

140 3591 173 3644 F
171 3597 218 3645 eii.
233 3608 264 3659 p,
283 3593 338 3645 253
344 3604 367 3655 a,
383 3596 418 3646 12
435 3605 565 3652 proculiunt
578 3623 604 3630 -
618 3607 632 3644 l.
647 3606 726 3644 VIIII.
