2460 3900
434 193 564 248 Aurelius
583 192 693 261 Opillus
1033 192 1077 257 93

50 373 172 425 pernem
201 356 251 409 eui
278 357 392 424 paetum
421 357 471 408 eut
498 354 648 409 broeehum
677 353 786 407 filium’.
829 354 911 408 Paul.
926 371 956 424 p.
977 357 1078 421 374‚5

52 427 154 497 valgos
177 427 309 480 Aurelius
335 426 463 497 intellegi
486 426 547 479 vuli
570 426 619 493 qui
642 425 766 479 diversas
789 442 867 478 suras
890 425 1004 479 habent.
1042 425 1077 492 of.

53 501 134 554 Non.
144 517 175 568 p.
191 503 238 564 25,
253 503 279 552 8.
310 498 396 553 061„
409 499 579 564 11432,32.
608 498 734 564 17188,
749 501 793 550 37.
828 498 986 590 V651,5e.

508 651 552 707 23
590 649 611 706 8

126 775 291 834 vesperugo
328 756 415 815 stelle
453 774 529 832 quee
565 642 687 831 iesirere
724 755 828 830 oritur,
866 775 883 813 a
916 775 974 830 quo
1012 773 1078 814 eam

53 846 176 922 Opillus
200 844 305 905 sen'bil
326 863 490 920 vesperum.

136 946 224 999 Varro
234 945 267 998 de
277 945 294 997 l.
306 945 339 998 L.
351 949 377 1010 7,
388 948 424 997 50
438 943 513 1012 apud
523 943 654 997 Plautum
668 944 780 1014 [Amph.
790 944 870 1014 275]:
887 944 949 997 ‘nee
963 943 1078 1014 iugulee

56 1018 111 1087 [ita
131 1018 244 1071 Plane:
267 1031 358 1084 neque
382 1014 480 1085 iugula
499 1016 599 1086 Varro]
622 1030 714 1083 neque
737 1030 890 1085 vesperugo
909 1031 1000 1083 neque
1018 1031 1079 1069 ver-

55 1087 146 1158 giliae
171 1087 316 1141 occiduni'
340 1117 375 1126 -
397 1112 522 1151 vesperugo
541 1118 575 1128 -
593 1108 723 1152 vesperum3
756 1086 852 1153 linque
878 1086 982 1140 dicitur
1007 1086 1079 1141 aller

56 1175 157 1227 vesper
186 1159 280 1224 adest,
312 1174 395 1226 quem
424 1158 522 1212 dieunt
550 1157 650 1212 Graeci
682 1154 848 1222 ὃιεσπὲριον.
895 1158 979 1212 Paul.
1003 1159 1077 1214 Fert.

52 1249 84 1300 p.
97 1235 165 1297 368,
176 1235 212 1285 16
230 1246 384 1298 vesperugo
398 1245 497 1298 vesper
511 1228 602 1283 stella.
635 1228 765 1284 Plautus:
782 1230 844 1283 ‘nee
858 1245 1012 1300 vesperugo
1026 1246 1078 1283 neo

55 1301 195 1373 vergiliae
213 1301 366 1356 oeeidunt’.
403 1302 438 1367 ef.
460 1303 546 1356 Varro
565 1300 632 1355 ibid.
652 1306 679 1367 6,
694 1305 717 1355 6.
752 1301 825 1355 Suet.
840 1307 916 1370 prat.
931 1318 961 1369 p.
979 1302 1078 1356 15912.

57 1375 167 1430 Uerrem.
188 1374 214 1427 d.
229 1391 257 1427 re.
276 1377 321 1439 24,
335 1377 360 1426 4.

496 1526 540 1582 24
580 1526 623 1583 32

126 1630 246 1708 Opillus
282 1633 445 1689 veterinem
483 1630 542 1689 diei
564 1518 645 1689 [vuli
681 1631 769 1707 quasi
810 1634 995 1690 venierinem
1031 1631 1079 1690 vel

59 1723 220 1795 uterinam,
245 1719 323 1795 quod
348 1720 385 1778 ed
408 1723 542 1778 venirem
565 1738 638 1779 onus
662 1721 822 1797 religatum
845 1724 938 1798 gerat.

130 1821 215 1874 Paul.
231 1820 306 1874 Fert.
317 1837 348 1888 p.
363 1822 425 1884 369,
442 1823 477 1873 12
501 1831 587 1881 opinus
601 1851 627 1860 -
641 1837 710 1883 geras.
742 1819 777 1886 of.
797 1836 883 1888 supra
904 1821 969 1874 Coto
983 1819 1019 1886 fr.
1036 1825 1079 1874 17.

131 1910 276 1962 lventer·
294 1925 335 1978 ep.
367 1909 457 1961 veter·
476 1909 587 1963 Moneo.
620 1910 710 1962 vater·
731 1909 821 1975 (lueis.
910 1907 987 1962 velut
1005 1911 1080 1962 uter-

61 1981 152 2046 Guelf.
181 1978 226 2033 vel
244 1981 334 2034 veter·
353 1979 471 2034 Meroe:
489 1995 536 2034 em.
551 1997 592 2050 oy.

498 2149 543 2208 25
581 2151 625 2208 23

126 2253 297 2314 Alexander
319 2257 349 2314 et
373 2255 487 2314 Teucer
509 2142 686 2331 dieideirei,
713 2256 763 2314 sed
787 2259 817 2315 et
839 2256 1026 2315 Alexandrus
1051 2260 1081 2315 el

61 2345 192 2404 Teucrus
215 2345 275 2403 diei
302 2346 434 2420 possunt,
463 2347 497 2404 ul
519 2344 671 2422 Vergilius
696 2345 825 2405 Teucrus
854 2348 884 2403 et
912 2345 1080 2419 Euandrus

61 2433 222 2494 seeundum
249 2433 334 2492 illem
364 2435 478 2493 seilicet
498 2436 655 2508 rationem,
685 2453 744 2510 que
768 2436 889 2492 nomine
913 2433 1026 2493 Greeoe
1048 2437 1080 2492 in

61 2546 94 2595 ος
117 2523 257 2582 exeuntia
279 2523 373 2582 latine
396 2526 428 2582 in
451 2541 485 2582 us
509 2524 588 2582 exire
611 2523 734 2582 Aurelio
757 2524 865 2601 placei.

133 2622 214 2677 elur.
232 2638 260 2689 p.
278 2625 325 2688 83,
340 2626 376 2676 30
395 2623 439 2692 (--
454 2623 534 2676 Plio.
555 2621 618 2676 dub.
637 2638 714 2676 serm.
729 2640 760 2692 p.
780 2627 824 2689 49,
840 2626 875 2676 17
885 2624 931 2692 B.)
950 2635 1082 2676 Alexander

61 2725 95 2734 -
113 2707 195 2756 pheos.
233 2693 330 2746 eontra
358 2710 443 2760 quam
468 2694 563 2746 lamen
589 2693 718 2763 regulam
746 2693 795 2761 qui
819 2709 836 2746 a
859 2692 972 2748 Graecis
996 2691 1082 2764 ἀγρός

60 2764 136 2818 idem
159 2781 177 2818 e
198 2763 280 2818 nobie
304 2779 372 2835 eger
394 2764 511 2829 dioilur3
536 2765 655 2832 ideoque
679 2767 708 2818 el
728 2764 759 2817 in
777 2763 821 2817 his
831 2766 869 2819 'et
888 2764 961 2838 <in>
981 2764 1081 2820 ceteris

61 2838 127 2890 ante
146 2835 242 2890 omnia
260 2837 432 2890 consuetudo
452 2836 593 2904 sequenda
612 2838 662 2890 esi.
696 2837 732 2903 ef.
746 2837 827 2891 Plio.
842 2837 908 2891 ibid.
919 2855 949 2906 p.
962 2841 1006 2903 50,
1017 2841 1034 2890 3
1044 2838 1080 2891 Β.

62 2908 142 2963 orer,
153 2925 184 2977 p.
200 2910 264 2973 122,
279 2911 303 2960 3.
323 2912 349 2961 4.

472 3077 537 3135 25⁴
561 3070 669 3155 [deest]

131 3186 166 3241 ui
197 3175 268 3261 [ait]
301 3184 401 3258 inquit
430 3183 570 3242 Aurelius
594 3181 720 3261 Opillus,
754 3181 868 3242 Graece
898 3184 1021 3242 nomine
1049 3205 1082 3254 ος

61 3272 181 3348 syllaba
202 3271 289 3330 finite
311 3271 406 3330 latine
429 3289 463 3330 us
486 3267 636 3350 <debenl>
659 3273 843 3331 terminari.¹

135 3371 215 3426 ovar.
226 3388 256 3440 p.
273 3374 372 3438 128,1
396 3369 543 3424 Euandrus
566 3370 659 3439 Maro,
683 3372 759 3441 quod
781 3388 807 3425 ue
821 3404 855 3411 —
869 3386 997 3437 omnnem
1015 3387 1082 3424 usus

60 3443 156 3496 lemen
174 3441 314 3495 Euander.

134 3537 149 3584 1
169 3529 211 3584 eit
234 3547 285 3586 om.
305 3531 367 3586 edit.
383 3532 484 3600 prino,
510 3531 608 3586 seclusi
612 3552 623 3598 ;
648 3527 692 3598 ef.¹
707 3533 740 3587 de
758 3533 837 3587 verbo
862 3531 975 3600 ‘inquit‘
1002 3530 1082 3584 Char.

62 3605 226 3672 ρ.120,10.
245 3605 310 3670 221,
325 3607 343 3658 9
415 3609 430 3656 2
452 3603 556 3656 debent
574 3603 638 3658 add.
654 3604 720 3658 Keil
