2442 3902
395 211 433 266 ld.
452 212 599 267 Terentius
619 213 707 266 Varro
755 203 757 210 ’
994 214 1057 279 301

33 400 114 456 quae
143 380 257 457 recipit
283 384 445 440 accentum.
491 385 599 440 natura
622 401 693 441 vero
716 382 872 458 prosodiae
895 384 926 441 in
946 372 984 442 'eo
1008 387 1087 456 este

32 471 118 545 quod
138 473 198 529 aut
217 488 335 529 sursum
353 476 398 529 est
419 473 472 530 aut
489 471 640 545 deorsum3
664 491 732 531 nam
751 471 783 529 16
802 473 882 531 66616
901 472 1061 532 altitudine
1154 470 1157 478 '

33 562 162 619 omnino
183 561 348 636 spectatur,
372 559 445 618 adeo
468 563 511 633 ut,
535 561 561 617 si
579 579 680 620 omncs
700 560 834 636 syllabae
853 561 919 637 pari
937 563 1060 639 fastigio

33 649 119 707 vocis
146 648 350 722 enuntientur,
373 649 512 725 prosodia
536 650 690 708 61166116.
955 641 957 646 ’

108 747 228 819 [861911]
244 749 314 815 expl.
330 749 361 800 i'rt
376 749 449 802 Dea.
460 765 489 816 p.
507 751 570 812 525,
587 753 658 802 1816
672 767 765 802 accentu
775 780 801 787 -
810 763 839 803 611
847 764 916 802 nulla
942 751 976 816 cf.
994 751 1061 805 Wil-

33 836 140 874 mcrms
155 837 187 889 p.
202 823 282 887 508q.

111 925 209 979 1661.
230 926 273 978 661
291 940 364 993 pros.
427 929 536 992 3quae
597 925 744 994 4probrie
763 927 883 981 Laconi.
947 926 1061 980 *liasti-

34 995 85 1064 gia
104 997 181 1051 Lae.
199 995 273 1066 (·gio
292 1013 366 1048 mae.
385 999 413 1064 2)

429 1121 431 1124 ’
471 1167 538 1224 666
561 1159 632 1244 [60]

109 1292 186 1366 quot
204 1290 266 1348 sint
284 1288 440 1364 prosodiae
459 1289 615 1348 dicendum
634 1294 687 1350 661.
703 1290 969 1350 —Athenodorus
986 1292 1061 1350 duas

39 1379 104 1436 esse
129 1377 287 1455 prosodias
309 1379 439 1453 putavit,
462 1397 552 1436 unam
575 1379 755 1453 inferiorem,
781 1380 907 1439 alteram
931 1383 1061 1458 superio·

40 1487 118 1542 rcm3
148 1468 257 1527 flexam
280 1471 380 1526 autem
404 1459 489 1548 (nam
511 1467 554 1525 ita
578 1471 679 1528 nostra
703 1469 809 1546 lingua
835 1469 1062 1548 περισπωμένην

40 1549 232 1637 vocavimus)
252 1555 328 1614 nihil
346 1557 428 1615 aliud
448 1575 510 1616 esse
529 1577 619 1632 quam
638 1558 692 1616 has
711 1557 785 1617 duas
803 1559 836 1616 in
856 1577 918 1617 una
936 1559 1061 1634 syllaba.

42 1644 208 1722 Dionysius
237 1649 336 1704 autem
359 1645 527 1705 Aristarchi
554 1646 718 1723 discipulus
744 1650 939 1724 cognomento
964 1648 1062 1706 Thrax
1090 1667 1102 1706 6

44 1734 130 1793 domo
154 1734 368 1808 Alexandrius,
400 1735 426 1794 16
454 1736 507 1810 qui
534 1735 632 1794 Rhodi
659 1736 773 1810 docuit,
803 1735 967 1812 lyricorum
993 1757 1061 1812 poe-

44 1826 145 1882 tarum
178 1824 266 1901 longe
298 1824 545 1898 studiosissimus,
577 1828 638 1883 tres
670 1825 809 1901 tradidit,
842 1826 952 1901 quibus
984 1846 1062 1885 nunc

45 1931 144 1972 omnes
179 1915 313 1987 utuntur,
345 1913 467 1991 βαρεῖαν
500 1909 597 1984 ὀξεῖαν
629 1910 863 1991 περισπωμὲνην.
910 1915 1061 1991 Tyrannio

44 2019 113 2061 vero
136 2003 305 2076 Amisenus,
334 2021 421 2077 quem
444 2001 586 2061 Lucullus
610 2001 815 2062 Mithridatico
838 2003 917 2063 bello
941 2007 1062 2081 captum

46 2087 135 2150 Lucio
167 2091 308 2148 Murenae
338 2093 495 2164 666666611,
528 2111 546 2148 6
574 2111 632 2167 quo
663 2090 713 2149 1116
744 2092 883 2152 libertate
914 2094 1003 2152 simul
1033 2097 1063 2153 et
1078 2114 1103 2153 ro

47 2179 169 2239 civitate
184 2179 312 2239 donatus
332 2182 385 2253 est,
404 2183 546 2256 quattuor
560 2181 664 2239 scribit
683 2199 743 2240 6666
759 2181 922 2259 prosodias,
941 2183 1063 2262 βαρεῖαν

47 2264 138 2346 μέσην
164 2264 260 2342 ὀξεῖαν
284 2271 314 2327 61
338 2266 572 2347 περισπωμένην.
619 2271 705 2345 atqui
727 2273 888 2330 memoriae
910 2271 1063 2346 proditum

47 2360 90 2416 661
111 2359 192 2416 hunc
216 2361 285 2417 ante
310 2357 383 2417 alios
407 2358 497 2417 fuisse
525 2360 767 2434 pronuntiatione
795 2363 955 2436 potiorem,
983 2362 1062 2437 quod

47 2465 235 2522 nequaquam
255 2449 371 2522 assequi
390 2447 539 2523 potuisset
556 2449 614 2506 nisi
633 2451 735 2508 tenore
752 2450 937 2527 singularum
955 2469 1063 2510 vocum

47 2533 274 2613 diligentissime
292 2536 466 2612 perquisito.
494 2537 525 2593 in
544 2537 647 2596 eadem
668 2538 806 2613 opinione
826 2540 856 2595 et
876 2539 971 2598 Varro
990 2541 1102 2614 fuit31e

48 2628 116 2699 quin
145 2624 226 2703 leges
250 2643 318 2684 suas
345 2625 456 2702 redigit
479 2625 516 2684 ad
540 2626 662 2685 ductum
689 2627 829 2686 scientiae
853 2631 883 2686 et
910 2628 1062 2687 doctrinae

48 2717 120 2789 eius,
155 2733 214 2789 qua
244 2713 379 2773 omnibus
407 2733 427 2772 e
454 2733 483 2773 se
514 2716 675 2790 propositis
708 2716 944 2778 evidentissimas
977 2717 1063 2775 effert

47 2803 245 2877 probationes,
264 2806 299 2861 ut
316 2803 348 2862 id
361 2823 480 2880 quoque
499 2823 553 2879 pro
572 2805 671 2863 media
689 2805 828 2881 prosodia
845 2807 920 2865 facit
937 2805 1062 2865 dicendo
1122 2844 1125 2850 ·

48 2890 142 2966 ipsam
168 2895 310 2951 naturam
336 2893 411 2951 nihil
435 2893 531 2951 faeere
554 2896 664 2967 totum,
694 2893 745 2952 ubi
769 2914 827 2953 non
851 2895 891 2954 sit
918 2895 1062 2968 medium3

48 2985 79 3039 ut
101 2982 182 3040 enim
204 2982 283 3039 inter
304 2981 408 3040 rudem
432 2983 461 3040 61
484 2983 642 3057 eruditum,
671 2983 750 3042 inter
773 2983 901 3042 calidum
926 2987 955 3043 et
978 2985 1062 3061 frigi·
1076 3004 1103 3044 rc

49 3069 124 3144 dum,
149 3089 285 3130 amarum
308 3073 338 3129 61
360 3070 485 3145 dulcem,
511 3072 632 3149 longum
657 3075 687 3131 61
709 3072 829 3131 brevem
853 3076 897 3132 661
921 3073 1063 3149 quiddam

48 3159 189 3234 medium,
217 3159 296 3236 quod
319 3163 458 3218 neutrum
481 3163 538 3235 est,
567 3163 609 3220 sic
631 3163 711 3219 inter
738 3162 830 3219 imam
858 3181 1062 3237 summamque

48 3267 148 3307 vocem
176 3266 239 3308 esse
268 3249 409 3324 mediam,
439 3248 541 3324 ibique
568 3269 659 3326 quam
687 3253 856 3326 quaerimus
884 3251 1061 3327 prosodiam.

50 3339 194 3397 neminem
230 3338 376 3396 musicum
408 3357 484 3412 esse,
521 3341 573 3414 qui
610 3340 738 3399 mediam
774 3358 876 3399 vocem
908 3341 940 3397 in
973 3345 1063 3398 cantu

49 3428 242 3503 ignoraverit,
270 3445 324 3485 nec
347 3447 526 3503 quemquam
549 3431 680 3504 potuisse
704 3429 800 3488 dicere
828 3431 860 3486 in
883 3447 955 3487 6666
979 3429 1062 3488 chor·
1077 3450 1102 3490 ee

52 3515 151 3574 darum
180 3519 235 3574 aut
257 3535 329 3575 voce
356 3516 497 3576 tibiarum
526 3536 628 3577 666666
657 3535 728 3577 6666
757 3520 942 3577 cantantium
970 3513 1084 3595 μέση6

52 3623 116 3680 6666,
139 3609 165 3665 61
189 3624 249 3663 666
272 3606 305 3663 16
327 3607 408 3664 omni
427 3605 507 3665 vocis
530 3611 638 3665 natura
661 3611 737 3666 esset
760 3607 903 3682 medium,
926 3609 1061 3665 minime·
