<?xml version="1.0" encoding="UTF-8"?>
<!DOCTYPE html PUBLIC "-//W3C//DTD XHTML 1.0 Transitional//EN"
    "http://www.w3.org/TR/xhtml1/DTD/xhtml1-transitional.dtd">
<html xmlns="http://www.w3.org/1999/xhtml" xml:lang="en" lang="en">
 <head>
  <title>
</title>
<meta http-equiv="Content-Type" content="text/html;charset=utf-8" />
  <meta name='ocr-system' content='tesseract 3.04.00' />
  <meta name='ocr-capabilities' content='ocr_page ocr_carea ocr_par ocr_line ocrx_word'/>
</head>
<body>
  <div class='ocr_page' id='page_1' title='image "./grammaticaeroma00funagoog_0430.png"; bbox 0 0 2442 3902; ppageno 0'>
   <div class='ocr_carea' id='block_1_1' title="bbox 152 162 1022 233">
    <p class='ocr_par' dir='ltr' id='par_1_1' title="bbox 152 162 1022 233">
     <span class='ocr_line' id='line_1_1' title="bbox 152 162 1022 233; baseline 0 -15"><span class='ocrx_word' id='word_1_1' title='bbox 152 162 221 227; x_wconf 80' lang='lat'>390</span> <span class='ocrx_word' id='word_1_2' title='bbox 305 162 509 217; x_wconf 84' lang='lat' dir='ltr'>Grammatioae</span> <span class='ocrx_word' id='word_1_3' title='bbox 529 163 631 216; x_wconf 82' lang='lat' dir='ltr'>aetatis</span> <span class='ocrx_word' id='word_1_4' title='bbox 650 163 841 218; x_wconf 75' lang='lat' dir='ltr'>Varronianae</span> <span class='ocrx_word' id='word_1_5' title='bbox 860 163 1022 233; x_wconf 82' lang='lat' dir='ltr'>fragmenta</span> 
     </span>
    </p>
   </div>
   <div class='ocr_carea' id='block_1_2' title="bbox 152 330 1154 569">
    <p class='ocr_par' dir='ltr' id='par_1_2' title="bbox 152 330 1154 569">
     <span class='ocr_line' id='line_1_2' title="bbox 152 330 1152 412; baseline 0 -23"><span class='ocrx_word' id='word_1_6' title='bbox 152 331 314 390; x_wconf 84' lang='lat' dir='ltr'>Ramnium</span> <span class='ocrx_word' id='word_1_7' title='bbox 336 330 481 390; x_wconf 84' lang='lat' dir='ltr'>Lucerum</span> <span class='ocrx_word' id='word_1_8' title='bbox 504 332 623 391; x_wconf 87' lang='lat' dir='ltr'>fiebant.</span> <span class='ocrx_word' id='word_1_9' title='bbox 668 334 772 407; x_wconf 88' lang='lat' dir='ltr'>itaque</span> <span class='ocrx_word' id='word_1_10' title='bbox 794 333 885 409; x_wconf 87' lang='lat' dir='ltr'>primi</span> <span class='ocrx_word' id='word_1_11' title='bbox 912 334 1095 412; x_wconf 80' lang='lat' dir='ltr'>singularum</span> <span class='ocrx_word' id='word_1_12' title='bbox 1116 334 1152 390; x_wconf 85' lang='lat' dir='ltr'>de</span> 
     </span>
     <span class='ocr_line' id='line_1_3' title="bbox 153 419 1154 500; baseline 0.004 -22"><span class='ocrx_word' id='word_1_13' title='bbox 153 419 304 478; x_wconf 81' lang='lat' dir='ltr'>curiarum</span> <span class='ocrx_word' id='word_1_14' title='bbox 332 421 503 480; x_wconf 78' lang='lat' dir='ltr'>decuriones</span> <span class='ocrx_word' id='word_1_15' title='bbox 532 422 616 496; x_wconf 87' lang='lat' dir='ltr'>dicti,</span> <span class='ocrx_word' id='word_1_16' title='bbox 648 422 700 497; x_wconf 91' lang='lat' dir='ltr'>qui</span> <span class='ocrx_word' id='word_1_17' title='bbox 727 440 819 481; x_wconf 83' lang='lat' dir='ltr'>exeo</span> <span class='ocrx_word' id='word_1_18' title='bbox 847 424 879 480; x_wconf 91' lang='lat' dir='ltr'>in</span> <span class='ocrx_word' id='word_1_19' title='bbox 907 424 1036 500; x_wconf 80' lang='lat' dir='ltr'>siugulis</span> <span class='ocrx_word' id='word_1_20' title='bbox 1062 424 1154 482; x_wconf 83' lang='lat' dir='ltr'>turmis</span> 
     </span>
     <span class='ocr_line' id='line_1_4' title="bbox 153 508 546 569; baseline 0 -2"><span class='ocrx_word' id='word_1_21' title='bbox 153 511 222 568; x_wconf 89' lang='lat' dir='ltr'>aunt</span> <span class='ocrx_word' id='word_1_22' title='bbox 246 508 336 568; x_wconf 87' lang='lat' dir='ltr'>etiam</span> <span class='ocrx_word' id='word_1_23' title='bbox 359 529 438 568; x_wconf 92' lang='lat' dir='ltr'>nunc</span> <span class='ocrx_word' id='word_1_24' title='bbox 460 511 546 569; x_wconf 89' lang='lat' dir='ltr'>terni.</span> 
     </span>
    </p>
   </div>
   <div class='ocr_carea' id='block_1_3' title="bbox 151 608 1154 833">
    <p class='ocr_par' dir='ltr' id='par_1_3' title="bbox 151 608 1154 833">
     <span class='ocr_line' id='line_1_5' title="bbox 223 608 1154 677; baseline 0.001 -15"><span class='ocrx_word' id='word_1_25' title='bbox 223 608 297 663; x_wconf 81' lang='lat' dir='ltr'>Frui.</span> <span class='ocrx_word' id='word_1_26' title='bbox 312 626 343 677; x_wconf 79' lang='lat' dir='ltr'>p.</span> <span class='ocrx_word' id='word_1_27' title='bbox 358 613 439 673; x_wconf 76' lang='lat' dir='ltr'><strong><em>355a,</em></strong></span> <span class='ocrx_word' id='word_1_28' title='bbox 454 613 472 663; x_wconf 87' lang='lat'><strong><em>6</em></strong></span> <span class='ocrx_word' id='word_1_29' title='bbox 489 626 585 663; x_wconf 65' lang='lat' dir='ltr'>unnim</span> <span class='ocrx_word' id='word_1_30' title='bbox 598 641 625 648; x_wconf 97' lang='lat'>—</span> <span class='ocrx_word' id='word_1_31' title='bbox 638 624 703 664; x_wconf 75' lang='lat' dir='ltr'>tems.</span> <span class='ocrx_word' id='word_1_32' title='bbox 733 609 820 665; x_wconf 84' lang='lat' dir='ltr'>Varro</span> <span class='ocrx_word' id='word_1_33' title='bbox 840 610 872 664; x_wconf 86' lang='lat' dir='ltr'>de</span> <span class='ocrx_word' id='word_1_34' title='bbox 890 612 908 664; x_wconf 85' lang='lat' dir='ltr'>l.</span> <span class='ocrx_word' id='word_1_35' title='bbox 928 611 963 665; x_wconf 87' lang='lat' dir='ltr'>L.</span> <span class='ocrx_word' id='word_1_36' title='bbox 983 614 1010 677; x_wconf 93' lang='grc'><em>5,</em></span> <span class='ocrx_word' id='word_1_37' title='bbox 1025 615 1059 665; x_wconf 99' lang='grc'>91</span> <span class='ocrx_word' id='word_1_38' title='bbox 1076 613 1154 663; x_wconf 87' lang='lat' dir='ltr'>turma</span> 
     </span>
     <span class='ocr_line' id='line_1_6' title="bbox 152 676 1154 750; baseline -0.003 -16"><span class='ocrx_word' id='word_1_39' title='bbox 152 676 254 734; x_wconf 80' lang='lat' dir='ltr'>terima</span> <span class='ocrx_word' id='word_1_40' title='bbox 272 683 298 748; x_wconf 90' lang='lat' dir='ltr'>(e</span> <span class='ocrx_word' id='word_1_41' title='bbox 316 681 347 732; x_wconf 91' lang='lat' dir='ltr'>in</span> <span class='ocrx_word' id='word_1_42' title='bbox 364 698 383 733; x_wconf 89' lang='lat' dir='ltr'>u</span> <span class='ocrx_word' id='word_1_43' title='bbox 403 680 494 750; x_wconf 77' lang='lat' dir='ltr'>abiit),</span> <span class='ocrx_word' id='word_1_44' title='bbox 513 681 587 749; x_wconf 89' lang='lat' dir='ltr'>quod</span> <span class='ocrx_word' id='word_1_45' title='bbox 606 682 650 734; x_wconf 84' lang='lat' dir='ltr'>ter</span> <span class='ocrx_word' id='word_1_46' title='bbox 669 681 736 734; x_wconf 89' lang='lat' dir='ltr'>deni</span> <span class='ocrx_word' id='word_1_47' title='bbox 755 682 864 749; x_wconf 78' lang='lat' dir='ltr'>equites</span> <span class='ocrx_word' id='word_1_48' title='bbox 880 697 915 734; x_wconf 85' lang='lat' dir='ltr'>ex</span> <span class='ocrx_word' id='word_1_49' title='bbox 931 681 1022 735; x_wconf 84' lang='lat' dir='ltr'>tribus</span> <span class='ocrx_word' id='word_1_50' title='bbox 1040 681 1154 736; x_wconf 79' lang='lat' dir='ltr'><strong>tribubus</strong></span> 
     </span>
     <span class='ocr_line' id='line_1_7' title="bbox 151 749 1153 833; baseline 0.002 -29"><span class='ocrx_word' id='word_1_51' title='bbox 151 749 319 804; x_wconf 72' lang='lat' dir='ltr'>Titiensium</span> <span class='ocrx_word' id='word_1_52' title='bbox 337 752 488 805; x_wconf 85' lang='lat' dir='ltr'>Ramnium</span> <span class='ocrx_word' id='word_1_53' title='bbox 506 752 642 806; x_wconf 78' lang='lat' dir='ltr'>Lucerum</span> <span class='ocrx_word' id='word_1_54' title='bbox 664 751 778 806; x_wconf 87' lang='lat' dir='ltr'>fiebant.</span> <span class='ocrx_word' id='word_1_55' title='bbox 820 752 916 820; x_wconf 89' lang='lat' dir='ltr'>itaque</span> <span class='ocrx_word' id='word_1_56' title='bbox 938 753 1025 821; x_wconf 86' lang='lat' dir='ltr'>primi</span> <span class='ocrx_word' id='word_1_57' title='bbox 1045 751 1153 833; x_wconf 77' lang='lat' dir='ltr'>singula-</span> 
     </span>
    </p>
   </div>
   <div class='ocr_carea' id='block_1_4' title="bbox 153 822 1153 965">
    <p class='ocr_par' dir='ltr' id='par_1_4' title="bbox 153 822 1153 965">
     <span class='ocr_line' id='line_1_8' title="bbox 153 822 1153 892; baseline -0.003 -16"><span class='ocrx_word' id='word_1_58' title='bbox 153 839 215 876; x_wconf 84' lang='lat' dir='ltr'>rum</span> <span class='ocrx_word' id='word_1_59' title='bbox 233 822 410 877; x_wconf 82' lang='lat' dir='ltr'>decuriarum</span> <span class='ocrx_word' id='word_1_60' title='bbox 429 823 592 878; x_wconf 80' lang='lat' dir='ltr'>decuriones</span> <span class='ocrx_word' id='word_1_61' title='bbox 611 823 689 889; x_wconf 80' lang='lat' dir='ltr'>dieti,</span> <span class='ocrx_word' id='word_1_62' title='bbox 709 824 758 892; x_wconf 90' lang='lat' dir='ltr'>qui</span> <span class='ocrx_word' id='word_1_63' title='bbox 779 823 815 877; x_wconf 82' lang='lat' dir='ltr'>ab</span> <span class='ocrx_word' id='word_1_64' title='bbox 834 839 866 878; x_wconf 85' lang='lat' dir='ltr'>eo</span> <span class='ocrx_word' id='word_1_65' title='bbox 885 825 915 877; x_wconf 94' lang='lat' dir='ltr'>in</span> <span class='ocrx_word' id='word_1_66' title='bbox 934 823 1055 891; x_wconf 76' lang='lat' dir='ltr'>singulis</span> <span class='ocrx_word' id='word_1_67' title='bbox 1070 826 1153 876; x_wconf 75' lang='lat' dir='ltr'>turmis</span> 
     </span>
     <span class='ocr_line' id='line_1_9' title="bbox 153 895 1153 965; baseline 0 -19"><span class='ocrx_word' id='word_1_68' title='bbox 153 897 218 947; x_wconf 85' lang='lat' dir='ltr'>sunt</span> <span class='ocrx_word' id='word_1_69' title='bbox 233 895 319 948; x_wconf 83' lang='lat' dir='ltr'>etiem</span> <span class='ocrx_word' id='word_1_70' title='bbox 333 912 407 949; x_wconf 90' lang='lat' dir='ltr'>nuno</span> <span class='ocrx_word' id='word_1_71' title='bbox 421 895 501 950; x_wconf 87' lang='lat' dir='ltr'>terni.</span> <span class='ocrx_word' id='word_1_72' title='bbox 521 897 556 962; x_wconf 74' lang='lat' dir='ltr'>cf.</span> <span class='ocrx_word' id='word_1_73' title='bbox 567 896 650 950; x_wconf 82' lang='lat' dir='ltr'>Pani.</span> <span class='ocrx_word' id='word_1_74' title='bbox 666 895 740 950; x_wconf 80' lang='lat' dir='ltr'>Feci.</span> <span class='ocrx_word' id='word_1_75' title='bbox 751 914 781 965; x_wconf 78' lang='lat' dir='ltr'>p.</span> <span class='ocrx_word' id='word_1_76' title='bbox 797 899 859 960; x_wconf 90' lang='grc'><em>354,</em></span> <span class='ocrx_word' id='word_1_77' title='bbox 873 899 900 949; x_wconf 85' lang='grc'>2.</span> <span class='ocrx_word' id='word_1_78' title='bbox 919 896 989 950; x_wconf 78' lang='lat' dir='ltr'>Ieirl.</span> <span class='ocrx_word' id='word_1_79' title='bbox 1004 912 1043 950; x_wconf 87' lang='lat' dir='ltr'>or.</span> <span class='ocrx_word' id='word_1_80' title='bbox 1053 899 1079 962; x_wconf 86' lang='lat'>9,</span> <span class='ocrx_word' id='word_1_81' title='bbox 1088 899 1109 960; x_wconf 85' lang='lat'>3,</span> <span class='ocrx_word' id='word_1_82' title='bbox 1119 899 1153 948; x_wconf 90' lang='grc'>51.</span> 
     </span>
    </p>
   </div>
   <div class='ocr_carea' id='block_1_5' title="bbox 225 1000 560 1085">
    <p class='ocr_par' dir='ltr' id='par_1_5' title="bbox 225 1000 560 1085">
     <span class='ocr_line' id='line_1_10' title="bbox 225 1000 560 1085; baseline 0.009 -32"><span class='ocrx_word' id='word_1_83' title='bbox 225 1007 243 1085; x_wconf 83' lang='grc'>1</span> <span class='ocrx_word' id='word_1_84' title='bbox 260 1000 384 1056; x_wconf 81' lang='lat' dir='ltr'>adiutem</span> <span class='ocrx_word' id='word_1_85' title='bbox 474 1019 560 1070; x_wconf 86' lang='lat' dir='ltr'>quase</span> 
     </span>
    </p>
   </div>
   <div class='ocr_carea' id='block_1_6' title="bbox 426 1333 897 1421">
    <p class='ocr_par' dir='ltr' id='par_1_6' title="bbox 426 1333 897 1421">
     <span class='ocr_line' id='line_1_11' title="bbox 426 1333 897 1421; baseline 0.002 -3"><span class='ocrx_word' id='word_1_86' title='bbox 426 1335 479 1420; x_wconf 88' lang='lat' dir='ltr'>M.</span> <span class='ocrx_word' id='word_1_87' title='bbox 514 1333 739 1421; x_wconf 81' lang='lat' dir='ltr'>TULLIUS</span> <span class='ocrx_word' id='word_1_88' title='bbox 771 1334 897 1419; x_wconf 83' lang='lat' dir='ltr'>TIRO</span> 
     </span>
    </p>
   </div>
   <div class='ocr_carea' id='block_1_7' title="bbox 107 1555 826 1682">
    <p class='ocr_par' dir='ltr' id='par_1_7' title="bbox 107 1555 826 1682">
     <span class='ocr_line' id='line_1_12' title="bbox 107 1555 826 1682; baseline -0.003 -59"><span class='ocrx_word' id='word_1_89' title='bbox 107 1607 108 1612; x_wconf 19' lang='grc' dir='ltr'>η</span> <span class='ocrx_word' id='word_1_90' title='bbox 152 1623 263 1682; x_wconf 76' lang='lat' dir='ltr'>V1TAE</span> <span class='ocrx_word' id='word_1_91' title='bbox 495 1558 533 1622; x_wconf 84' lang='lat' dir='ltr'>A.</span> <span class='ocrx_word' id='word_1_92' title='bbox 558 1555 826 1623; x_wconf 77' lang='lat' dir='ltr'>TESTIMONIA</span> 
     </span>
    </p>
   </div>
   <div class='ocr_carea' id='block_1_8' title="bbox 153 1750 1157 2181">
    <p class='ocr_par' dir='ltr' id='par_1_8' title="bbox 153 1750 1157 2181">
     <span class='ocr_line' id='line_1_13' title="bbox 165 1750 1156 1817; baseline -0.004 -13"><span class='ocrx_word' id='word_1_93' title='bbox 165 1797 167 1804; x_wconf 28' lang='lat'><strong>⁴</strong></span> <span class='ocrx_word' id='word_1_94' title='bbox 225 1760 248 1808; x_wconf 88' lang='lat'>1.</span> <span class='ocrx_word' id='word_1_95' title='bbox 279 1753 334 1807; x_wconf 76' lang='grc' dir='ltr'>Ἥ.</span> <span class='ocrx_word' id='word_1_96' title='bbox 353 1753 461 1807; x_wconf 80' lang='lat' dir='ltr'>Tullius</span> <span class='ocrx_word' id='word_1_97' title='bbox 487 1753 562 1807; x_wconf 87' lang='lat' dir='ltr'>Tiro’</span> <span class='ocrx_word' id='word_1_98' title='bbox 588 1753 718 1817; x_wconf 84' lang='lat' dir='ltr'>Hieron,</span> <span class='ocrx_word' id='word_1_99' title='bbox 743 1752 866 1806; x_wconf 74' lang='lat' dir='ltr'>‘Tullius</span> <span class='ocrx_word' id='word_1_100' title='bbox 892 1752 972 1806; x_wconf 88' lang='lat' dir='ltr'>Tiro&#39;</span> <span class='ocrx_word' id='word_1_101' title='bbox 999 1752 1074 1806; x_wconf 75' lang='lat' dir='ltr'>Ptin.</span> <span class='ocrx_word' id='word_1_102' title='bbox 1098 1750 1156 1806; x_wconf 83' lang='lat' dir='ltr'>Gell.</span> 
     </span>
     <span class='ocr_line' id='line_1_14' title="bbox 153 1823 1156 1894; baseline -0.003 -14"><span class='ocrx_word' id='word_1_103' title='bbox 153 1826 325 1891; x_wconf 70' lang='lat' dir='ltr'>SchotBob„</span> <span class='ocrx_word' id='word_1_104' title='bbox 342 1825 422 1879; x_wconf 86' lang='lat' dir='ltr'>‘Tiro</span> <span class='ocrx_word' id='word_1_105' title='bbox 439 1825 557 1879; x_wconf 79' lang='lat' dir='ltr'>Tnlliuo&#39;</span> <span class='ocrx_word' id='word_1_106' title='bbox 580 1823 648 1878; x_wconf 82' lang='lat' dir='ltr'>Geli.</span> <span class='ocrx_word' id='word_1_107' title='bbox 667 1825 787 1893; x_wconf 77' lang='lat' dir='ltr'>saepius,</span> <span class='ocrx_word' id='word_1_108' title='bbox 803 1824 892 1878; x_wconf 75' lang='lat' dir='ltr'>‘Tiro&#39;</span> <span class='ocrx_word' id='word_1_109' title='bbox 912 1824 1002 1894; x_wconf 75' lang='lat' dir='ltr'>oniyo.</span> <span class='ocrx_word' id='word_1_110' title='bbox 1032 1823 1125 1888; x_wconf 77' lang='lat' dir='ltr'>Tirof</span> <span class='ocrx_word' id='word_1_111' title='bbox 1148 1850 1156 1859; x_wconf 96' lang='lat'>·</span> 
     </span>
     <span class='ocr_line' id='line_1_15' title="bbox 153 1895 1157 1966; baseline -0.004 -15"><span class='ocrx_word' id='word_1_112' title='bbox 153 1903 223 1951; x_wconf 82' lang='lat' dir='ltr'>tasse</span> <span class='ocrx_word' id='word_1_113' title='bbox 241 1898 273 1950; x_wconf 82' lang='lat' dir='ltr'>in</span> <span class='ocrx_word' id='word_1_114' title='bbox 291 1897 369 1950; x_wconf 81' lang='lat' dir='ltr'>domo</span> <span class='ocrx_word' id='word_1_115' title='bbox 387 1897 450 1966; x_wconf 77' lang='lat' dir='ltr'>ipm</span> <span class='ocrx_word' id='word_1_116' title='bbox 470 1895 607 1949; x_wconf 75' lang='lat' dir='ltr'>Ciceronis</span> <span class='ocrx_word' id='word_1_117' title='bbox 624 1911 709 1949; x_wconf 79' lang='lat' dir='ltr'>rernm</span> <span class='ocrx_word' id='word_1_118' title='bbox 727 1901 867 1949; x_wconf 67' lang='lat' dir='ltr'>natusest</span> <span class='ocrx_word' id='word_1_119' title='bbox 888 1896 933 1962; x_wconf 69' lang='lat' dir='ltr'>(ci.</span> <span class='ocrx_word' id='word_1_120' title='bbox 954 1895 1157 1964; x_wconf 64' lang='lat' dir='ltr'>Encelbronmu</span> 
     </span>
     <span class='ocr_line' id='line_1_16' title="bbox 153 1966 1157 2035; baseline -0.004 -14"><span class='ocrx_word' id='word_1_121' title='bbox 153 1968 185 2021; x_wconf 86' lang='lat' dir='ltr'>de</span> <span class='ocrx_word' id='word_1_122' title='bbox 200 1970 243 2024; x_wconf 82' lang='lat' dir='ltr'>M.</span> <span class='ocrx_word' id='word_1_123' title='bbox 255 1969 345 2022; x_wconf 81' lang='lat' dir='ltr'>Tullio</span> <span class='ocrx_word' id='word_1_124' title='bbox 363 1968 469 2022; x_wconf 87' lang='lat' dir='ltr'>Tirone.</span> <span class='ocrx_word' id='word_1_125' title='bbox 485 1967 632 2021; x_wconf 79' lang='lat' dir='ltr'>Amaielod.</span> <span class='ocrx_word' id='word_1_126' title='bbox 647 1971 721 2020; x_wconf 86' lang='grc'><em>1804</em></span> <span class='ocrx_word' id='word_1_127' title='bbox 730 1983 760 2035; x_wconf 80' lang='lat' dir='ltr'>p.</span> <span class='ocrx_word' id='word_1_128' title='bbox 774 1971 808 2032; x_wconf 85' lang='grc'>6,·</span> <span class='ocrx_word' id='word_1_129' title='bbox 820 1966 994 2032; x_wconf 76' lang='lat' dir='ltr'>Jansmann,</span> <span class='ocrx_word' id='word_1_130' title='bbox 1010 1967 1052 2020; x_wconf 83' lang='grc' dir='ltr'>Μ.</span> <span class='ocrx_word' id='word_1_131' title='bbox 1064 1966 1157 2020; x_wconf 73' lang='lat' dir='ltr'>Tullium</span> 
     </span>
     <span class='ocr_line' id='line_1_17' title="bbox 157 2038 1157 2110; baseline -0.007 -16"><span class='ocrx_word' id='word_1_132' title='bbox 157 2041 229 2094; x_wconf 89' lang='lat' dir='ltr'>Tiro.</span> <span class='ocrx_word' id='word_1_133' title='bbox 253 2040 399 2110; x_wconf 73' lang='lat' dir='ltr'>Dillinycn</span> <span class='ocrx_word' id='word_1_134' title='bbox 422 2042 495 2092; x_wconf 88' lang='grc'><em>1897</em></span> <span class='ocrx_word' id='word_1_135' title='bbox 513 2055 544 2107; x_wconf 81' lang='lat' dir='ltr'>p.</span> <span class='ocrx_word' id='word_1_136' title='bbox 565 2041 621 2106; x_wconf 85' lang='lat'>16):</span> <span class='ocrx_word' id='word_1_137' title='bbox 655 2044 722 2092; x_wconf 83' lang='lat' dir='ltr'>certe</span> <span class='ocrx_word' id='word_1_138' title='bbox 747 2038 869 2092; x_wconf 82' lang='lat' dir='ltr'>Graecus</span> <span class='ocrx_word' id='word_1_139' title='bbox 896 2039 1003 2108; x_wconf 72' lang='lat' dir='ltr'>oriyine</span> <span class='ocrx_word' id='word_1_140' title='bbox 1029 2055 1085 2092; x_wconf 82' lang='lat' dir='ltr'>non</span> <span class='ocrx_word' id='word_1_141' title='bbox 1110 2041 1157 2090; x_wconf 82' lang='lat' dir='ltr'>erui</span> 
     </span>
     <span class='ocr_line' id='line_1_18' title="bbox 154 2111 518 2181; baseline -0.008 -14"><span class='ocrx_word' id='word_1_142' title='bbox 154 2112 220 2181; x_wconf 78' lang='lat' dir='ltr'>(Cic.</span> <span class='ocrx_word' id='word_1_143' title='bbox 240 2112 277 2165; x_wconf 80' lang='lat' dir='ltr'>ad</span> <span class='ocrx_word' id='word_1_144' title='bbox 295 2111 363 2178; x_wconf 78' lang='lat' dir='ltr'>fam.</span> <span class='ocrx_word' id='word_1_145' title='bbox 383 2114 427 2175; x_wconf 89' lang='grc'>16,</span> <span class='ocrx_word' id='word_1_146' title='bbox 441 2114 468 2175; x_wconf 85' lang='grc'>4,</span> <span class='ocrx_word' id='word_1_147' title='bbox 481 2111 518 2178; x_wconf 84' lang='lat'>2).</span> 
     </span>
    </p>
   </div>
   <div class='ocr_carea' id='block_1_9' title="bbox 154 2197 1157 2911">
    <p class='ocr_par' dir='ltr' id='par_1_9' title="bbox 154 2197 1157 2911">
     <span class='ocr_line' id='line_1_19' title="bbox 224 2197 1156 2270; baseline -0.008 -15"><span class='ocrx_word' id='word_1_148' title='bbox 224 2204 250 2255; x_wconf 81' lang='lat'>2.</span> <span class='ocrx_word' id='word_1_149' title='bbox 271 2201 386 2254; x_wconf 88' lang='lat' dir='ltr'>Hieron.</span> <span class='ocrx_word' id='word_1_150' title='bbox 402 2200 440 2253; x_wconf 85' lang='lat' dir='ltr'>ad</span> <span class='ocrx_word' id='word_1_151' title='bbox 456 2217 481 2252; x_wconf 87' lang='lat' dir='ltr'>a.</span> <span class='ocrx_word' id='word_1_152' title='bbox 497 2200 564 2252; x_wconf 78' lang='lat' dir='ltr'>Abr.</span> <span class='ocrx_word' id='word_1_153' title='bbox 575 2202 648 2251; x_wconf 86' lang='lat'><strong><em>2019</em></strong></span> <span class='ocrx_word' id='word_1_154' title='bbox 662 2225 688 2242; x_wconf 96' lang='lat'>=</span> <span class='ocrx_word' id='word_1_155' title='bbox 703 2199 775 2253; x_wconf 80' lang='lat' dir='ltr'>Suet.</span> <span class='ocrx_word' id='word_1_156' title='bbox 789 2201 847 2253; x_wconf 85' lang='lat' dir='ltr'>rell.</span> <span class='ocrx_word' id='word_1_157' title='bbox 857 2215 888 2267; x_wconf 81' lang='lat' dir='ltr'>p.</span> <span class='ocrx_word' id='word_1_158' title='bbox 900 2203 953 2252; x_wconf 91' lang='grc'>135</span> <span class='ocrx_word' id='word_1_159' title='bbox 961 2199 997 2253; x_wconf 86' lang='lat' dir='ltr'>R.</span> <span class='ocrx_word' id='word_1_160' title='bbox 1018 2199 1055 2270; x_wconf 87' lang='lat' dir='ltr'>[a.</span> <span class='ocrx_word' id='word_1_161' title='bbox 1072 2197 1156 2264; x_wconf 85' lang='grc'><em>74915.</em></span> 
     </span>
     <span class='ocr_line' id='line_1_20' title="bbox 154 2269 1156 2343; baseline -0.006 -17"><span class='ocrx_word' id='word_1_162' title='bbox 154 2272 255 2343; x_wconf 88' lang='grc'><em>75014]</em></span> <span class='ocrx_word' id='word_1_163' title='bbox 275 2270 311 2324; x_wconf 90' lang='lat' dir='ltr'>M.</span> <span class='ocrx_word' id='word_1_164' title='bbox 327 2269 435 2323; x_wconf 88' lang='lat' dir='ltr'>Tullius</span> <span class='ocrx_word' id='word_1_165' title='bbox 450 2269 515 2323; x_wconf 85' lang='lat' dir='ltr'>Tiro</span> <span class='ocrx_word' id='word_1_166' title='bbox 531 2269 671 2323; x_wconf 84' lang='lat' dir='ltr'>Ciceronis</span> <span class='ocrx_word' id='word_1_167' title='bbox 690 2269 809 2322; x_wconf 86' lang='lat' dir='ltr'>libertus</span> <span class='ocrx_word' id='word_1_168' title='bbox 824 2301 857 2309; x_wconf 93' lang='lat'>-</span> <span class='ocrx_word' id='word_1_169' title='bbox 872 2270 902 2322; x_wconf 90' lang='lat' dir='ltr'>iu</span> <span class='ocrx_word' id='word_1_170' title='bbox 916 2269 1072 2324; x_wconf 80' lang='lat' dir='ltr'>Puteolano</span> <span class='ocrx_word' id='word_1_171' title='bbox 1089 2283 1156 2338; x_wconf 83' lang='lat' dir='ltr'>prae·</span> 
     </span>
     <span class='ocr_line' id='line_1_21' title="bbox 154 2341 1156 2410; baseline -0.005 -15"><span class='ocrx_word' id='word_1_172' title='bbox 154 2342 201 2397; x_wconf 96' lang='lat' dir='ltr'>dio</span> <span class='ocrx_word' id='word_1_173' title='bbox 221 2359 270 2396; x_wconf 88' lang='lat' dir='ltr'>suo</span> <span class='ocrx_word' id='word_1_174' title='bbox 289 2359 377 2410; x_wconf 87' lang='lat' dir='ltr'>usque</span> <span class='ocrx_word' id='word_1_175' title='bbox 396 2342 432 2395; x_wconf 84' lang='lat' dir='ltr'>ad</span> <span class='ocrx_word' id='word_1_176' title='bbox 451 2341 635 2395; x_wconf 87' lang='lat' dir='ltr'>centesimum</span> <span class='ocrx_word' id='word_1_177' title='bbox 658 2357 763 2394; x_wconf 90' lang='lat' dir='ltr'>annum</span> <span class='ocrx_word' id='word_1_178' title='bbox 782 2341 963 2395; x_wconf 78' lang='lat' dir='ltr'>consenescit.</span> <span class='ocrx_word' id='word_1_179' title='bbox 997 2359 1059 2396; x_wconf 84' lang='lat' dir='ltr'>enm</span> <span class='ocrx_word' id='word_1_180' title='bbox 1077 2341 1156 2394; x_wconf 83' lang='lat' dir='ltr'>Cicero</span> 
     </span>
     <span class='ocr_line' id='line_1_22' title="bbox 154 2413 1156 2484; baseline -0.005 -15"><span class='ocrx_word' id='word_1_181' title='bbox 154 2416 211 2484; x_wconf 70' lang='lat' dir='ltr'>imm</span> <span class='ocrx_word' id='word_1_182' title='bbox 233 2415 359 2468; x_wconf 77' lang='lat' dir='ltr'>Tironem</span> <span class='ocrx_word' id='word_1_183' title='bbox 378 2413 529 2467; x_wconf 77' lang='lat' dir='ltr'>instituerit</span> <span class='ocrx_word' id='word_1_184' title='bbox 546 2413 613 2482; x_wconf 85' lang='lat' dir='ltr'>(tesi.</span> <span class='ocrx_word' id='word_1_185' title='bbox 630 2414 656 2480; x_wconf 76' lang='grc'>3)</span> <span class='ocrx_word' id='word_1_186' title='bbox 675 2429 787 2480; x_wconf 82' lang='lat' dir='ltr'>enmque</span> <span class='ocrx_word' id='word_1_187' title='bbox 806 2430 831 2466; x_wconf 85' lang='lat' dir='ltr'>a.</span> <span class='ocrx_word' id='word_1_188' title='bbox 849 2413 957 2484; x_wconf 93' lang='grc'><em>704150</em></span> <span class='ocrx_word' id='word_1_189' title='bbox 975 2415 1156 2468; x_wconf 75' lang='lat' dir='ltr'>aduescentem</span> 
     </span>
     <span class='ocr_line' id='line_1_23' title="bbox 154 2483 1156 2556; baseline -0.005 -17"><span class='ocrx_word' id='word_1_190' title='bbox 154 2488 271 2556; x_wconf 73' lang='lat' dir='ltr'>appellet</span> <span class='ocrx_word' id='word_1_191' title='bbox 295 2487 361 2554; x_wconf 80' lang='lat' dir='ltr'>(teat.</span> <span class='ocrx_word' id='word_1_192' title='bbox 378 2488 431 2553; x_wconf 91' lang='grc'><em>11),</em></span> <span class='ocrx_word' id='word_1_193' title='bbox 459 2501 533 2538; x_wconf 86' lang='lat' dir='ltr'>anno</span> <span class='ocrx_word' id='word_1_194' title='bbox 558 2483 684 2553; x_wconf 89' lang='grc'><em>6491105</em></span> <span class='ocrx_word' id='word_1_195' title='bbox 708 2484 749 2538; x_wconf 86' lang='lat' dir='ltr'>nel</span> <span class='ocrx_word' id='word_1_196' title='bbox 775 2483 916 2553; x_wconf 90' lang='grc'><em>6501104,</em></span> <span class='ocrx_word' id='word_1_197' title='bbox 943 2489 976 2536; x_wconf 84' lang='lat' dir='ltr'>nt</span> <span class='ocrx_word' id='word_1_198' title='bbox 1001 2485 1109 2553; x_wconf 79' lang='lat' dir='ltr'>quidum</span> <span class='ocrx_word' id='word_1_199' title='bbox 1130 2496 1156 2534; x_wconf 77' lang='lat' dir='ltr'>er</span> 
     </span>
     <span class='ocr_line' id='line_1_24' title="bbox 154 2552 1156 2628; baseline -0.006 -16"><span class='ocrx_word' id='word_1_200' title='bbox 154 2557 325 2628; x_wconf 70' lang='lat' dir='ltr'>Hieronymo</span> <span class='ocrx_word' id='word_1_201' title='bbox 348 2559 520 2627; x_wconf 66' lang='lat' dir='ltr'>collocemini,</span> <span class='ocrx_word' id='word_1_202' title='bbox 542 2563 627 2610; x_wconf 84' lang='lat' dir='ltr'>noima</span> <span class='ocrx_word' id='word_1_203' title='bbox 649 2572 702 2609; x_wconf 80' lang='lat' dir='ltr'>esee</span> <span class='ocrx_word' id='word_1_204' title='bbox 721 2572 777 2609; x_wconf 88' lang='lat' dir='ltr'>non</span> <span class='ocrx_word' id='word_1_205' title='bbox 790 2561 887 2625; x_wconf 78' lang='lat' dir='ltr'>potest.</span> <span class='ocrx_word' id='word_1_206' title='bbox 926 2573 1011 2624; x_wconf 70' lang='lat' dir='ltr'>quiere</span> <span class='ocrx_word' id='word_1_207' title='bbox 1029 2558 1097 2610; x_wconf 77' lang='lat' dir='ltr'>sient</span> <span class='ocrx_word' id='word_1_208' title='bbox 1115 2552 1156 2606; x_wconf 76' lang='lat' dir='ltr'>urb</span> 
     </span>
     <span class='ocr_line' id='line_1_25' title="bbox 154 2627 1157 2696; baseline -0.005 -13"><span class='ocrx_word' id='word_1_209' title='bbox 154 2635 223 2683; x_wconf 86' lang='lat' dir='ltr'>certo</span> <span class='ocrx_word' id='word_1_210' title='bbox 249 2645 324 2682; x_wconf 85' lang='lat' dir='ltr'>anno</span> <span class='ocrx_word' id='word_1_211' title='bbox 349 2628 496 2683; x_wconf 77' lang='lat' dir='ltr'>Suetonius</span> <span class='ocrx_word' id='word_1_212' title='bbox 523 2628 609 2681; x_wconf 76' lang='lat' dir='ltr'>uerbis</span> <span class='ocrx_word' id='word_1_213' title='bbox 638 2627 746 2682; x_wconf 82' lang='lat' dir='ltr'>‘clarns</span> <span class='ocrx_word' id='word_1_214' title='bbox 770 2627 899 2681; x_wconf 78' lang='lat' dir='ltr'>habeim&#39;</span> <span class='ocrx_word' id='word_1_215' title='bbox 928 2628 1069 2696; x_wconf 59' lang='lat' dir='ltr'>carptores</span> <span class='ocrx_word' id='word_1_216' title='bbox 1092 2627 1157 2680; x_wconf 78' lang='lat' dir='ltr'>lnce·</span> 
     </span>
     <span class='ocr_line' id='line_1_26' title="bbox 155 2698 1157 2769; baseline -0.005 -15"><span class='ocrx_word' id='word_1_217' title='bbox 155 2701 332 2755; x_wconf 71' lang='lat' dir='ltr'>lentissimum</span> <span class='ocrx_word' id='word_1_218' title='bbox 357 2701 429 2754; x_wconf 82' lang='lat' dir='ltr'>ritae</span> <span class='ocrx_word' id='word_1_219' title='bbox 453 2700 574 2769; x_wconf 74' lang='lat' dir='ltr'>epatium</span> <span class='ocrx_word' id='word_1_220' title='bbox 600 2700 727 2753; x_wconf 85' lang='lat' dir='ltr'>denotare</span> <span class='ocrx_word' id='word_1_221' title='bbox 752 2699 830 2763; x_wconf 78' lang='lat' dir='ltr'>som,</span> <span class='ocrx_word' id='word_1_222' title='bbox 855 2699 896 2752; x_wconf 86' lang='lat' dir='ltr'>itu</span> <span class='ocrx_word' id='word_1_223' title='bbox 921 2698 966 2752; x_wconf 78' lang='lat' dir='ltr'>nm</span> <span class='ocrx_word' id='word_1_224' title='bbox 991 2701 1088 2768; x_wconf 80' lang='lat' dir='ltr'>opinor</span> <span class='ocrx_word' id='word_1_225' title='bbox 1107 2709 1157 2749; x_wconf 82' lang='lat' dir='ltr'>voce</span> 
     </span>
     <span class='ocr_line' id='line_1_27' title="bbox 156 2769 1156 2839; baseline -0.007 -14"><span class='ocrx_word' id='word_1_226' title='bbox 156 2771 339 2826; x_wconf 80' lang='lat' dir='ltr'>‘consenescit’</span> <span class='ocrx_word' id='word_1_227' title='bbox 356 2772 523 2826; x_wconf 77' lang='lat' dir='ltr'>cnmicninm</span> <span class='ocrx_word' id='word_1_228' title='bbox 541 2773 684 2825; x_wconf 77' lang='lat' dir='ltr'>senecintis</span> <span class='ocrx_word' id='word_1_229' title='bbox 703 2769 835 2839; x_wconf 63' lang='lat' dir='ltr'>desinunt,</span> <span class='ocrx_word' id='word_1_230' title='bbox 854 2786 911 2823; x_wconf 91' lang='lat' dir='ltr'>non</span> <span class='ocrx_word' id='word_1_231' title='bbox 928 2772 1001 2824; x_wconf 80' lang='lat' dir='ltr'>citae</span> <span class='ocrx_word' id='word_1_232' title='bbox 1019 2769 1156 2828; x_wconf 81' lang='lat' dir='ltr'>terminum,</span> 
     </span>
     <span class='ocr_line' id='line_1_28' title="bbox 155 2842 815 2911; baseline -0.005 -15"><span class='ocrx_word' id='word_1_233' title='bbox 155 2860 232 2911; x_wconf 75' lang='lat' dir='ltr'>quem</span> <span class='ocrx_word' id='word_1_234' title='bbox 249 2844 321 2897; x_wconf 81' lang='lat' dir='ltr'>idem</span> <span class='ocrx_word' id='word_1_235' title='bbox 339 2843 438 2911; x_wconf 73' lang='lat' dir='ltr'>ebione</span> <span class='ocrx_word' id='word_1_236' title='bbox 458 2842 553 2897; x_wconf 81' lang='lat' dir='ltr'>‘mori’</span> <span class='ocrx_word' id='word_1_237' title='bbox 574 2842 651 2897; x_wconf 78' lang='lat' dir='ltr'>verbo</span> <span class='ocrx_word' id='word_1_238' title='bbox 669 2842 815 2911; x_wconf 69' lang='lat' dir='ltr'>siqnilioai.</span> 
     </span>
    </p>
   </div>
   <div class='ocr_carea' id='block_1_10' title="bbox 154 2926 1157 3630">
    <p class='ocr_par' dir='ltr' id='par_1_10' title="bbox 154 2926 1157 3618">
     <span class='ocr_line' id='line_1_29' title="bbox 227 2926 1157 3002; baseline -0.008 -17"><span class='ocrx_word' id='word_1_239' title='bbox 227 2936 251 2985; x_wconf 88' lang='lat'>3.</span> <span class='ocrx_word' id='word_1_240' title='bbox 280 2931 348 2986; x_wconf 82' lang='lat' dir='ltr'>Geli.</span> <span class='ocrx_word' id='word_1_241' title='bbox 364 2937 390 2997; x_wconf 89' lang='grc'>6,</span> <span class='ocrx_word' id='word_1_242' title='bbox 404 2935 463 2997; x_wconf 87' lang='grc'>3,8</span> <span class='ocrx_word' id='word_1_243' title='bbox 489 2947 521 2984; x_wconf 86' lang='lat' dir='ltr'>co</span> <span class='ocrx_word' id='word_1_244' title='bbox 550 2930 676 3002; x_wconf 89' lang='lat' dir='ltr'>[Tirone]</span> <span class='ocrx_word' id='word_1_245' title='bbox 702 2930 738 2982; x_wconf 83' lang='lat' dir='ltr'>ob</span> <span class='ocrx_word' id='word_1_246' title='bbox 761 2930 876 2983; x_wconf 86' lang='lat' dir='ltr'>ineunte</span> <span class='ocrx_word' id='word_1_247' title='bbox 899 2931 994 2983; x_wconf 88' lang='lat' dir='ltr'>aetate</span> <span class='ocrx_word' id='word_1_248' title='bbox 1017 2926 1157 2983; x_wconf 71' lang='lat' dir='ltr'>liberaliter</span> 
     </span>
     <span class='ocr_line' id='line_1_30' title="bbox 154 3000 1156 3069; baseline -0.002 -13"><span class='ocrx_word' id='word_1_249' title='bbox 154 3001 285 3056; x_wconf 83' lang='lat' dir='ltr'>instituto</span> <span class='ocrx_word' id='word_1_250' title='bbox 306 3002 538 3056; x_wconf 74' lang='lat' dir='ltr'>adminiculatore</span> <span class='ocrx_word' id='word_1_251' title='bbox 557 3004 586 3055; x_wconf 86' lang='lat' dir='ltr'>ct</span> <span class='ocrx_word' id='word_1_252' title='bbox 604 3002 685 3069; x_wconf 81' lang='lat' dir='ltr'>quasi</span> <span class='ocrx_word' id='word_1_253' title='bbox 704 3001 870 3055; x_wconf 83' lang='lat' dir='ltr'>administro</span> <span class='ocrx_word' id='word_1_254' title='bbox 892 3000 923 3054; x_wconf 91' lang='lat' dir='ltr'>in</span> <span class='ocrx_word' id='word_1_255' title='bbox 941 3001 1045 3054; x_wconf 83' lang='lat' dir='ltr'>studiis</span> <span class='ocrx_word' id='word_1_256' title='bbox 1063 3000 1156 3054; x_wconf 68' lang='lat' dir='ltr'>littera</span> 
     </span>
     <span class='ocr_line' id='line_1_31' title="bbox 154 3066 1156 3144; baseline -0.004 -18"><span class='ocrx_word' id='word_1_257' title='bbox 154 3090 217 3127; x_wconf 84' lang='lat' dir='ltr'>rum</span> <span class='ocrx_word' id='word_1_258' title='bbox 232 3073 326 3129; x_wconf 79' lang='lat' dir='ltr'>Cicero</span> <span class='ocrx_word' id='word_1_259' title='bbox 341 3092 407 3128; x_wconf 86' lang='lat' dir='ltr'>uaus</span> <span class='ocrx_word' id='word_1_260' title='bbox 422 3078 472 3128; x_wconf 88' lang='lat' dir='ltr'>eat.</span> <span class='ocrx_word' id='word_1_261' title='bbox 494 3075 547 3128; x_wconf 85' lang='lat' dir='ltr'>Cic.</span> <span class='ocrx_word' id='word_1_262' title='bbox 563 3075 601 3128; x_wconf 83' lang='lat' dir='ltr'>ad</span> <span class='ocrx_word' id='word_1_263' title='bbox 613 3075 681 3142; x_wconf 77' lang='lat' dir='ltr'>fam.</span> <span class='ocrx_word' id='word_1_264' title='bbox 696 3078 741 3139; x_wconf 89' lang='grc'>16,</span> <span class='ocrx_word' id='word_1_265' title='bbox 752 3078 803 3138; x_wconf 86' lang='grc'>3,1</span> <span class='ocrx_word' id='word_1_266' title='bbox 819 3073 869 3144; x_wconf 83' lang='lat' dir='ltr'>[ad</span> <span class='ocrx_word' id='word_1_267' title='bbox 881 3073 1010 3128; x_wconf 80' lang='lat' dir='ltr'>Tironem</span> <span class='ocrx_word' id='word_1_268' title='bbox 1024 3066 1156 3136; x_wconf 62' lang='grc'><em>5701150]</em></span> 
     </span>
     <span class='ocr_line' id='line_1_32' title="bbox 155 3144 1157 3214; baseline -0.007 -16"><span class='ocrx_word' id='word_1_269' title='bbox 155 3147 187 3198; x_wconf 93' lang='lat' dir='ltr'>tu</span> <span class='ocrx_word' id='word_1_270' title='bbox 206 3145 231 3200; x_wconf 82' lang='lat' dir='ltr'>ei</span> <span class='ocrx_word' id='word_1_271' title='bbox 249 3162 299 3199; x_wconf 89' lang='lat' dir='ltr'>nos</span> <span class='ocrx_word' id='word_1_272' title='bbox 319 3161 413 3199; x_wconf 87' lang='lat' dir='ltr'>omnes</span> <span class='ocrx_word' id='word_1_273' title='bbox 434 3162 510 3200; x_wconf 79' lang='lat' dir='ltr'>amos</span> <span class='ocrx_word' id='word_1_274' title='bbox 531 3147 559 3198; x_wconf 88' lang='lat' dir='ltr'>et</span> <span class='ocrx_word' id='word_1_275' title='bbox 576 3144 727 3213; x_wconf 75' lang='lat' dir='ltr'>praecipue</span> <span class='ocrx_word' id='word_1_276' title='bbox 746 3159 790 3198; x_wconf 90' lang='lat' dir='ltr'>me</span> <span class='ocrx_word' id='word_1_277' title='bbox 810 3144 977 3214; x_wconf 77' lang='lat' dir='ltr'>magistrum</span> <span class='ocrx_word' id='word_1_278' title='bbox 995 3147 1086 3208; x_wconf 80' lang='lat' dir='ltr'>tuum,</span> <span class='ocrx_word' id='word_1_279' title='bbox 1104 3156 1157 3194; x_wconf 90' lang='lat' dir='ltr'>cou-</span> 
     </span>
     <span class='ocr_line' id='line_1_33' title="bbox 155 3213 1157 3283; baseline -0.007 -13"><span class='ocrx_word' id='word_1_280' title='bbox 155 3216 236 3271; x_wconf 84' lang='lat' dir='ltr'>firma</span> <span class='ocrx_word' id='word_1_281' title='bbox 254 3219 290 3271; x_wconf 88' lang='lat' dir='ltr'>te.</span> <span class='ocrx_word' id='word_1_282' title='bbox 329 3217 397 3272; x_wconf 84' lang='lat' dir='ltr'>Geli.</span> <span class='ocrx_word' id='word_1_283' title='bbox 413 3221 457 3282; x_wconf 87' lang='lat'>13,</span> <span class='ocrx_word' id='word_1_284' title='bbox 472 3222 528 3283; x_wconf 88' lang='grc'>9,1</span> <span class='ocrx_word' id='word_1_285' title='bbox 551 3216 669 3270; x_wconf 72' lang='lat' dir='ltr'>Tullius·¹</span> <span class='ocrx_word' id='word_1_286' title='bbox 684 3216 749 3269; x_wconf 84' lang='lat' dir='ltr'>Tiro</span> <span class='ocrx_word' id='word_1_287' title='bbox 773 3215 810 3268; x_wconf 88' lang='lat' dir='ltr'>M.</span> <span class='ocrx_word' id='word_1_288' title='bbox 826 3215 966 3270; x_wconf 79' lang='lat' dir='ltr'>Ciceronis</span> <span class='ocrx_word' id='word_1_289' title='bbox 991 3215 1115 3269; x_wconf 83' lang='lat' dir='ltr'>alumnus</span> <span class='ocrx_word' id='word_1_290' title='bbox 1134 3213 1157 3262; x_wconf 83' lang='lat' dir='ltr'>ei</span> 
     </span>
     <span class='ocr_line' id='line_1_34' title="bbox 155 3285 1155 3356; baseline -0.005 -15"><span class='ocrx_word' id='word_1_291' title='bbox 155 3287 273 3344; x_wconf 83' lang='lat' dir='ltr'>libertus</span> <span class='ocrx_word' id='word_1_292' title='bbox 299 3288 466 3356; x_wconf 82' lang='lat' dir='ltr'>adiutorque</span> <span class='ocrx_word' id='word_1_293' title='bbox 492 3288 521 3340; x_wconf 92' lang='lat' dir='ltr'>in</span> <span class='ocrx_word' id='word_1_294' title='bbox 546 3287 650 3342; x_wconf 82' lang='lat' dir='ltr'>litteris</span> <span class='ocrx_word' id='word_1_295' title='bbox 676 3287 833 3340; x_wconf 89' lang='lat' dir='ltr'>studiorum</span> <span class='ocrx_word' id='word_1_296' title='bbox 858 3286 925 3340; x_wconf 87' lang='lat' dir='ltr'>eiua.</span> <span class='ocrx_word' id='word_1_297' title='bbox 965 3285 1021 3342; x_wconf 80' lang='lat' dir='ltr'>Cic.</span> <span class='ocrx_word' id='word_1_298' title='bbox 1043 3287 1080 3340; x_wconf 83' lang='lat' dir='ltr'>ud</span> <span class='ocrx_word' id='word_1_299' title='bbox 1099 3285 1155 3350; x_wconf 82' lang='lat' dir='ltr'>sorr.</span> 
     </span>
     <span class='ocr_line' id='line_1_35' title="bbox 156 3356 1155 3430; baseline -0.005 -19"><span class='ocrx_word' id='word_1_300' title='bbox 156 3364 201 3423; x_wconf 83' lang='lat'>16,</span> <span class='ocrx_word' id='word_1_301' title='bbox 216 3364 241 3424; x_wconf 88' lang='grc'>4,</span> <span class='ocrx_word' id='word_1_302' title='bbox 256 3364 273 3413; x_wconf 89' lang='grc'><em>3</em></span> <span class='ocrx_word' id='word_1_303' title='bbox 292 3359 342 3428; x_wconf 83' lang='lat' dir='ltr'>[ad</span> <span class='ocrx_word' id='word_1_304' title='bbox 363 3360 490 3413; x_wconf 82' lang='lat' dir='ltr'>Tironem</span> <span class='ocrx_word' id='word_1_305' title='bbox 508 3377 533 3412; x_wconf 86' lang='lat' dir='ltr'>a.</span> <span class='ocrx_word' id='word_1_306' title='bbox 550 3358 670 3430; x_wconf 91' lang='grc'><em>704150]</em></span> <span class='ocrx_word' id='word_1_307' title='bbox 689 3358 907 3412; x_wconf 85' lang='lat' dir='ltr'>innumerabilia</span> <span class='ocrx_word' id='word_1_308' title='bbox 925 3361 977 3411; x_wconf 86' lang='lat' dir='ltr'>tua</span> <span class='ocrx_word' id='word_1_309' title='bbox 995 3356 1103 3412; x_wconf 83' lang='lat' dir='ltr'>suntin</span> <span class='ocrx_word' id='word_1_310' title='bbox 1119 3367 1155 3406; x_wconf 83' lang='lat' dir='ltr'>me</span> 
     </span>
     <span class='ocr_line' id='line_1_36' title="bbox 156 3425 1155 3497; baseline 0 -17"><span class='ocrx_word' id='word_1_311' title='bbox 156 3427 250 3480; x_wconf 86' lang='lat' dir='ltr'>officia</span> <span class='ocrx_word' id='word_1_312' title='bbox 274 3429 429 3482; x_wconf 83' lang='lat' dir='ltr'>domestica</span> <span class='ocrx_word' id='word_1_313' title='bbox 450 3428 586 3497; x_wconf 81' lang='lat' dir='ltr'>forensia,</span> <span class='ocrx_word' id='word_1_314' title='bbox 611 3429 720 3483; x_wconf 81' lang='lat' dir='ltr'>urbana</span> <span class='ocrx_word' id='word_1_315' title='bbox 741 3429 940 3497; x_wconf 74' lang='lat' dir='ltr'>provincialia,</span> <span class='ocrx_word' id='word_1_316' title='bbox 966 3429 997 3482; x_wconf 88' lang='lat' dir='ltr'>in</span> <span class='ocrx_word' id='word_1_317' title='bbox 1014 3446 1043 3483; x_wconf 89' lang='lat' dir='ltr'>re</span> <span class='ocrx_word' id='word_1_318' title='bbox 1060 3425 1155 3497; x_wconf 68' lang='lat' dir='ltr'>privati</span> 
     </span>
     <span class='ocr_line' id='line_1_37' title="bbox 157 3495 1154 3618; baseline -0.004 -69"><span class='ocrx_word' id='word_1_319' title='bbox 157 3495 193 3618; x_wconf 55' lang='lat' dir='ltr'>iln3</span> <span class='ocrx_word' id='word_1_320' title='bbox 209 3496 339 3618; x_wconf 43' lang='lat' dir='ltr'>gublgoa}</span> <span class='ocrx_word' id='word_1_321' title='bbox 362 3499 392 3550; x_wconf 92' lang='lat' dir='ltr'>in</span> <span class='ocrx_word' id='word_1_322' title='bbox 416 3499 517 3553; x_wconf 87' lang='lat' dir='ltr'>studiis</span> <span class='ocrx_word' id='word_1_323' title='bbox 539 3500 570 3551; x_wconf 93' lang='lat' dir='ltr'>in</span> <span class='ocrx_word' id='word_1_324' title='bbox 593 3499 695 3553; x_wconf 84' lang='lat' dir='ltr'>litteris</span> <span class='ocrx_word' id='word_1_325' title='bbox 721 3500 832 3553; x_wconf 76' lang='lat' dir='ltr'>nostiis.</span> <span class='ocrx_word' id='word_1_326' title='bbox 874 3501 909 3566; x_wconf 77' lang='lat' dir='ltr'>cs.</span> <span class='ocrx_word' id='word_1_327' title='bbox 934 3501 972 3554; x_wconf 79' lang='lat' dir='ltr'>ud</span> <span class='ocrx_word' id='word_1_328' title='bbox 992 3504 1047 3555; x_wconf 77' lang='lat' dir='ltr'>An.</span> <span class='ocrx_word' id='word_1_329' title='bbox 1063 3503 1087 3563; x_wconf 84' lang='grc'>7,</span> <span class='ocrx_word' id='word_1_330' title='bbox 1100 3502 1122 3562; x_wconf 83' lang='lat'>5,</span> <span class='ocrx_word' id='word_1_331' title='bbox 1133 3497 1154 3548; x_wconf 78' lang='lat'>2.</span> 
     </span>
    </p>

    <p class='ocr_par' dir='ltr' id='par_1_11' title="bbox 192 3583 346 3630">
     <span class='ocr_line' id='line_1_38' title="bbox 192 3583 346 3630; baseline 0 -12"><span class='ocrx_word' id='word_1_332' title='bbox 192 3605 202 3629; x_wconf 85' lang='grc'><em>,</em></span> <span class='ocrx_word' id='word_1_333' title='bbox 235 3583 260 3630; x_wconf 82' lang='lat' dir='ltr'>o,</span> <span class='ocrx_word' id='word_1_334' title='bbox 311 3584 346 3619; x_wconf 86' lang='lat' dir='ltr'>a.</span> 
     </span>
    </p>
   </div>
   <div class='ocr_carea' id='block_1_11' title="bbox 0 0 1230 3892">
    <p class='ocr_par' dir='ltr' id='par_1_12' title="bbox 0 0 1230 3892">
     <span class='ocr_line' id='line_1_39' title="bbox 0 0 1230 3892; baseline 0 0"><span class='ocrx_word' id='word_1_335' title='bbox 0 0 1230 3892; x_wconf 95' lang='lat' dir='ltr'> </span> 
     </span>
    </p>
   </div>
  </div>
 </body>
</html>
