2444 3902
400 169 437 224 M.
456 169 603 224 Terentius
623 169 711 224 Varro
998 166 1061 231 201

482 338 525 396 35
550 332 621 417 [54]
677 329 682 341 ‘

114 445 130 502 l.
149 445 196 504 ΙΙ.
241 465 317 522 quae
336 444 441 505 Graeci
465 445 568 504 dieunt
596 445 775 522 aenigmata,
804 444 860 503 hoo
883 462 975 520 genus
999 443 1063 518 qui-

51 531 117 592 dam
147 553 182 592 ex
213 537 326 596 nostris
357 534 507 594 veteribus
544 537 657 611 scirpos
694 533 928 609 appellaverunt.
976 533 1063 608 quale

47 623 91 680 est
114 643 171 681 -ε

134 715 227 772 semel
249 713 385 772 minusne
409 733 446 772 an
469 714 515 772 bis
538 714 637 772 minus
660 712 708 786 sie,
731 730 791 770 non
814 714 862 771 sat
884 712 954 786 seio,
1011 735 1013 740 ·

135 819 174 859 an
197 805 357 878 utrumque
381 822 495 877 eorum3
518 805 553 860 ut
573 802 724 878 quondam
748 801 851 859 audivi
873 800 974 872 dicier,
1078 821 1090 862 o

133 889 194 966 ipsi
216 891 283 951 Iovi
304 894 369 969 regi
390 893 489 950 noluit
511 891 677 951 consedere.

47 993 101 1054 hoe
124 999 177 1073 qui
205 999 287 1057 nolet
314 998 425 1058 diutius
454 1002 529 1074 aput
556 1017 618 1057 sese
647 1016 801 1072 quaerere,
832 996 965 1055 inveniet
992 995 1064 1071 quid

48 1085 86 1141 sit
107 1086 140 1142 in
162 1087 202 1145 M.
217 1088 362 1147 Varronis
385 1088 421 1146 de
444 1106 577 1147 sermone
596 1086 704 1146 Latino
729 1085 766 1144 ad
788 1085 963 1144 Marcellum
986 1083 1063 1144 libro

48 1175 184 1235 seeundo.

119 1273 189 1329 Gen.
203 1279 249 1340 12,
264 1279 282 1328 6
300 1300 358 1337 quaa
373 1287 452 1329 Graeci
464 1306 491 1315 -
505 1290 571 1337 quara
585 1293 624 1341 ese,
643 1274 719 1344 quod
737 1290 826 1342 nuper
843 1271 1000 1326 invenimus
1014 1286 1065 1339 per

49 1340 140 1398 hercle
159 1345 292 1410 anticum,
310 1361 445 1414 perquam
459 1345 593 1414 lepidum,
612 1346 701 1400 tribus
716 1345 843 1398 versibus
858 1343 975 1398 senariis
990 1359 1064 1397 eom-

51 1413 171 1480 pesitnm
190 1417 334 1486 aenigma,
353 1417 429 1485 quod
446 1416 611 1486 reliquimus
630 1417 835 1480 inenarratum,
859 1418 891 1469 ut
908 1413 1065 1485 legentium

52 1485 222 1542 coniecturas
236 1488 266 1540 in
280 1488 447 1555 requirendo
462 1505 632 1543 noueremus.
655 1505 751 1542 versus
760 1489 818 1542 tres
828 1487 859 1541 hi
868 1487 945 1540 sunt:
961 1501 1029 1540 semor
1038 1516 1065 1525 -

51 1567 107 1610 noro
115 1573 218 1614 muro.
247 1560 416 1614 ‘Terminus'
427 1561 593 1631 intellepe'tar
602 1561 769 1630 (Buecheler,
785 1559 837 1614 Re.
849 1559 981 1626 Moero,
992 1558 1064 1626 159).

83 1714 89 1726 ⁸
121 1652 138 1698 4
152 1665 206 1701 non
221 1647 258 1700 sit
273 1648 322 1701 sed
336 1650 392 1716 (sat
405 1650 504 1719 Repr'e.
519 1656 629 1718 aterque
639 1650 712 1704 Voss.
729 1650 792 1703 Lat.
807 1649 900 1704 Frre
915 1647 1063 1730 Meplipb.)

54 1730 120 1770 sero:
140 1735 185 1773 een.
201 1721 347 1774 Buecheler
366 1720 403 1772 sit
421 1719 515 1773 nescio
534 1721 705 1775 freinsheim
777 1723 792 1772 ὁ
813 1721 843 1772 at
861 1719 937 1773 Here
1008 1733 1064 1787 rpsr

56 1785 139 1841 dicier
155 1789 222 1845 iovi:
242 1797 347 1860 troaap.
367 1791 467 1846 Beeeh.
543 1797 557 1844 '1
576 1790 668 1845 noluit
686 1793 770 1846 Bere.
792 1791 884 1845 Poris.
905 1791 977 1845 Voss.
999 1791 1063 1844 Lat.

58 1856 112 1911 Μ
129 1860 199 1914 nolit
216 1863 303 1916 Hertz

119 2082 136 2140 l.
159 2083 224 2141 ΠΙ.
270 2083 447 2160 faenerator,
471 2085 561 2144 sicuti
582 2085 621 2142 M.
641 2084 737 2144 Varro
760 2085 793 2142 in
815 2084 891 2143 libro
915 2084 1004 2143 tertio
1029 2083 1065 2143 de

59 2184 182 2230 sermone
204 2172 313 2232 Latino
341 2173 469 2248 scripsit,
497 2174 657 2233 asserere
681 2177 726 2233 est
748 2175 932 2249 nominatus3
959 2174 1065 2232 faenus

58 2261 159 2319 autem.
174 2260 286 2320 dietum
309 2263 353 2321 ait
375 2281 394 2320 a
416 2263 480 2321 fetu
504 2266 534 2322 et
557 2263 642 2338 quasi
665 2283 683 2321 a
702 2264 800 2322 fetura
823 2264 954 2340 quadam
977 2282 1064 2340 peen-

58 2347 121 2406 niae
146 2352 289 2425 parientis
312 2354 401 2427 atque
424 2353 621 2412 increscentis.
668 2353 778 2412 ideireo
801 2355 832 2411 et
858 2353 897 2412 M.
922 2351 1065 2411 Catonem

59 2427 158 2512 [supro
179 2444 237 2499 test.
258 2443 280 2500 2
302 2460 334 2514 p.
356 2435 412 2520 10]
443 2444 473 2500 et
501 2444 613 2500 eeteros
641 2443 750 2500 aetatis
778 2443 840 2500 eius
867 2441 1064 2500 feneratorem

59 2525 116 2584 sine
144 2547 161 2586 a
190 2531 292 2588 littera
324 2531 533 2606 pronuntiasse
564 2531 671 2604 tradit,
709 2531 797 2589 sicuti
828 2530 907 2588 fetus
938 2531 1002 2605 ipse
1036 2531 1066 2588 et

59 2612 216 2678 fecunditas
239 2619 400 2696 appellata.

126 2717 342 2784 Gell.16,12,7
360 2732 487 2772 faenerator
506 2718 581 2772 enim
599 2732 664 2772 nenti
677 2748 704 2757 -
718 2732 836 2780 appellata.
855 2718 890 2785 ef.
907 2718 993 2772 Clodi.
1004 2718 1063 2772 Ver.

58 2784 89 2849 fr.
104 2791 127 2840 1.
144 2789 218 2844 Noa.
229 2807 259 2858 p.
276 2793 321 2855 53,
333 2793 373 2842 28
391 2788 490 2844 faenus
509 2788 545 2842 ab
565 2805 597 2842 eo
616 2789 723 2842 dietum
742 2789 798 2857 est,
822 2788 898 2856 quod
915 2787 1065 2857 pecuniam

60 2855 146 2922 pariat
172 2858 375 2914 inereseentem
406 2861 494 2932 [-enti
517 2861 606 2932 codd]
633 2862 772 2928 tempore,
800 2860 881 2928 qnasi
912 2859 986 2913 fetus
1014 2860 1065 2913 aut

59 2925 154 2995 fetura3
176 2947 243 2984 narn
261 2933 291 2985 et
308 2947 409 3002 graece
427 2931 509 2994 τόκος
527 2931 630 2985 dieitur
648 2931 705 2986 ἀπὸ
724 2940 774 2986 τοῦ
792 2929 904 2998 τίκτειν,
928 2931 1002 2999 quod
1021 2932 1065 2984 est

58 3014 155 3066 parere.
174 3001 263 3056 Varro
278 3001 327 3056 lib.
341 3002 381 3056 III
399 3003 434 3056 de
452 3002 553 3056 Latino
573 3018 710 3057 sermone:
731 3001 823 3057 ‘fenus
843 3005 938 3056 autern
957 3002 1064 3056 dietum

60 3069 147 3125 sfetn
165 3075 194 3126 et
211 3073 294 3142 quasi
312 3073 405 3127 fetma
422 3073 545 3143 quadam
562 3074 720 3141 pecuniae’.
749 3092 816 3128 nam
834 3076 863 3128 et
882 3072 1017 3127 Catonem
1036 3075 1065 3126 et

61 3142 157 3196 eeteros
183 3145 355 3212 antiquiores
379 3144 439 3199 sine
457 3160 475 3198 a
493 3143 590 3198 littera
612 3143 711 3198 faenus
734 3145 931 3213 pronuntiasse
951 3146 1064 3198 conten·
1126 3157 1128 3164 ’

61 3209 105 3279 dit,
117 3217 148 3268 ut
161 3214 234 3269 fetus
244 3218 274 3270 et
283 3215 448 3271 fecunditas.
463 3217 589 3271 eimeiiter
598 3217 709 3285 Noae.
721 3220 837 3282 439,15.
856 3216 891 3283 ef.
905 3217 1065 3282 OFreehde,

60 3282 88 3338 de
103 3284 174 3341 Non.
195 3287 285 3342 More.
305 3295 331 3342 et
345 3287 486 3342 Verr.'Fl.
505 3288 607 3357 (Berol.
626 3289 712 3357 1890)
727 3304 757 3356 p.
776 3291 821 3342 21.
841 3289 911 3342 adde
927 3289 1014 3342 Verre
1033 3288 1066 3342 de

59 3353 75 3408 l.
92 3355 123 3412 L.
143 3362 168 3425 7,
182 3363 227 3414 96.
248 3359 330 3414 raaz.
350 3359 423 3414 Fert.
440 3376 468 3428 p.
485 3363 562 3425 86,1
581 3357 662 3412 fenus
682 3360 711 3412 et
729 3357 900 3412 feneratores
918 3359 948 3412 et
965 3357 1011 3411 lex
1030 3359 1065 3414 de

60 3426 160 3483 eredita
176 3429 298 3498 pecunia
315 3428 438 3484 fenebris
456 3429 549 3485 afetu
563 3429 648 3497 dieta,
668 3430 744 3497 quod
758 3429 859 3484 crediti
873 3428 979 3482 nummi
994 3429 1065 3488 alios

58 3498 174 3625 fflm’
196 3502 229 3554 ut
247 3500 324 3569 apud
342 3498 462 3556 Graecos
481 3502 581 3556 eadem
598 3517 642 3556 res
661 3499 743 3562 τόκος
761 3501 871 3556 dicitur.
904 3502 966 3556 item
981 3505 1025 3567 94,
1040 3506 1064 3556 1.

90 3572 118 3627 ‘.
137 3589 174 3627 or.
194 3578 239 3637 10,
254 3577 299 3628 97.
