2442 3902
396 198 433 252 M.
452 198 599 254 Terentius
617 199 706 254 Varro
993 200 1058 264 279

40 384 107 423 cum
140 366 272 425 dicimus
304 367 382 442 pluit
413 368 461 426 vel
493 367 626 445 ninguit,
661 368 752 426 etiam
784 369 809 427 si
841 388 901 428 non
933 369 1062 429 addatur
1075 385 1101 428 io

39 457 106 531 quis
124 457 216 532 pluat
234 458 287 514 ant
304 456 438 534 ninguat,
457 459 558 515 tamen
578 458 649 532 quia
669 457 865 535 intellegitur,
884 477 944 517 non
962 463 1061 534 potest

38 545 118 603 inter
141 546 293 621 simplicia
316 546 473 604 numerari.
515 549 675 606 coniuncta
697 547 788 605 verba
812 550 883 606 sunt
905 567 980 624 quae
1004 548 1062 608 sihi

40 652 153 694 conexa
176 652 224 692 res
247 635 347 710 plures
370 635 548 713 significant,
574 638 609 693 ut
632 653 700 694 cum
722 635 847 696 dicimus
876 631 975 697 ‘homo
1000 657 1060 696 am·

40 719 137 782 hulat'
159 726 214 782 aut
234 719 333 782 ‘homo
355 724 501 783 festinans
519 725 550 782 in
570 727 703 783 montem
726 720 871 784 ambulat'
895 729 925 784 et
944 729 969 786 si
988 727 1061 802 quid

40 813 110 871 tale.
157 813 209 873 sed
232 815 457 872 coniunctorum
488 814 644 872 verborum
668 815 729 873 alia
752 818 821 874 aunt
844 833 920 891 quac
944 818 1060 874 senten·
1075 832 1101 872 ao

41 901 117 960 tiam
140 903 403 978 comprehendunt,
433 906 467 960 ut
490 922 525 960 ea
549 921 625 978 quae
649 902 830 977 dictasunt,
858 899 940 981 <alia
964 900 1062 982 quae>

42 993 201 1066 expectant
224 991 340 1066 aliquid
363 987 422 1069 <ad
441 992 659 1068 conpletionem
680 987 876 1069 sententiae),
900 995 934 1050 ut
957 993 1061 1052 eadem

42 1079 110 1154 ipsa
124 1099 200 1156 quae
218 1085 303 1138 nunc
316 1081 453 1154 diximus
472 1082 498 1140 si
517 1080 674 1140 subtrahas
687 1081 813 1140 verbum
831 1081 911 1157 quod
930 1083 1060 1159 positum
1095 1109 1098 1114 ¹

43 1173 88 1226 est
116 1168 262 1237 ambulat,
294 1171 429 1244 quamvis
457 1171 536 1228 enim
563 1170 653 1229 verba
680 1173 840 1230 coniuncta
867 1173 928 1230 sint
960 1167 1060 1231 ‘homo

44 1258 188 1318 festinans
209 1261 242 1316 in
264 1253 418 1334 montem',
447 1262 548 1318 tamen
572 1260 668 1319 adhuc
691 1260 801 1336 pendet
824 1261 929 1320 oratio.
976 1279 1060 1336 sepa·
1075 1278 1101 1319 ao

44 1347 119 1406 ratis
142 1348 235 1424 igitur
261 1347 307 1407 his
331 1347 496 1407 coniunctis
519 1349 627 1424 verbis,
657 1368 735 1424 quae
758 1368 819 1408 non
847 1350 973 1426 implent
996 1368 1061 1409 sen·

45 1438 179 1510 tentiam,
201 1438 480 1496 1estanteaverba
499 1438 665 1512 coniuncta,
689 1457 765 1514 quae
784 1439 963 1498 sententiam
982 1458 1060 1498 com·

46 1525 240 1599 prehendunt.
285 1527 392 1585 horum
423 1529 496 1586 item
525 1526 602 1586 duae
633 1529 744 1603 species
775 1531 861 1588 sunt.¹
899 1531 952 1586 aut
981 1530 1061 1586 enim

47 1616 87 1672 sic
118 1617 264 1674 sententia
293 1616 553 1690 comprehenditur
575 1620 609 1674 ut
636 1636 712 1676 vero
735 1621 788 1676 aut
815 1617 892 1676 falso
922 1620 1062 1676 teneatur

47 1702 179 1778 obnoxia,
208 1708 244 1762 ut
268 1707 313 1762 est
341 1699 449 1764 ‘omnis
473 1706 561 1765 homo
585 1701 730 1764 ambulat'
760 1709 813 1764 aut
841 1702 948 1766 ‘omnis
971 1707 1060 1766 homo
1074 1726 1101 1766 ao

48 1809 106 1850 non
128 1788 273 1852 ambulat'
292 1795 367 1852 etsi
388 1795 460 1870 quid
482 1794 572 1853 huius
590 1794 673 1853 modi
691 1797 750 1870 est3
774 1797 827 1853 aut
848 1797 894 1854 ita
916 1797 1062 1871 impletur

49 1883 204 1957 sententia,
233 1886 268 1941 ut
297 1883 368 1942 licet
396 1883 533 1959 perficiat
561 1885 747 1960 propositum
778 1884 884 1961 animi,
916 1884 1061 1946 affirmari

49 1971 144 2028 tamen
165 1973 306 2049 nogariae
328 1991 389 2031 non
406 1974 509 2048 possit,
532 1976 567 2032 ut
584 1991 652 2032 cum
674 1974 864 2049 imperamus,
888 1993 954 2032 cum
975 1977 1059 2050 opta·
1092 2009 1094 2013 ·

50 2077 120 2132 mus,
137 2078 204 2119 cum
222 2079 409 2120 exsecramur
426 2064 457 2121 et
474 2062 593 2121 similia.
624 2081 694 2121 nam
713 2063 847 2139 quisquis
866 2063 939 2122 dicit
958 2060 1059 2140 ‘perge

51 2146 86 2204 ad
111 2145 223 2207 villam'
252 2151 301 2209 rel
331 2145 460 2210 ‘utinam
487 2153 594 2228 pergat
617 2151 654 2210 ad
678 2146 793 2210 villam’
823 2153 872 2211 vel
902 2146 947 2211 ‘di
973 2153 1060 2211 illum
1073 2171 1099 2212 ss

51 2235 203 2312 perduint,
226 2258 286 2298 non
304 2242 402 2315 potest
420 2241 507 2318 argui
525 2240 605 2315 quod
627 2241 790 2300 mentiatur
809 2244 863 2300 aut
881 2242 960 2300 credi
979 2241 1059 2318 quod

51 2343 146 2385 verum
168 2328 256 2388 dicat.
298 2329 374 2387 nihil
398 2329 474 2387 enim
501 2329 740 2392 affirmavit.aut
762 2331 892 2408 negavit,
916 2350 986 2408 ergo
1005 2349 1059 2390 nec

51 2415 120 2474 tales
147 2418 312 2476 sententiae
334 2419 365 2475 in
390 2419 595 2493 quaestionem
621 2419 755 2491 veniunt,
785 2422 820 2477 ut
843 2419 1059 2495 disputatorem

51 2507 201 2579 requirant.
247 2507 299 2564 sed
318 2507 400 2564 -illae
429 2526 505 2583 quae
534 2509 692 2582 requirunt
721 2510 774 2566 aut
806 2507 954 2584 simplices
987 2513 1058 2568 sunt

52 2597 98 2651 aut
113 2596 293 2655 coniunctae.
333 2597 483 2671 simplices
506 2600 575 2654 sunt
600 2616 675 2672 quae
699 2597 762 2656 aine
782 2597 845 2656 ulla
868 2598 1057 2674 copulatione
1072 2617 1098 2657 ao

52 2684 204 2744 sententiae
228 2685 351 2744 alterius
375 2687 578 2759 enuntiantur,
603 2689 638 2744 ut
661 2688 706 2744 est
728 2686 804 2744 illud
828 2687 908 2763 quod
932 2685 1058 2747 dicimus

53 2763 148 2832 ‘omnis
171 2775 260 2832 homo
284 2770 439 2849 ambulat’3
469 2776 644 2834 coniunctae
668 2778 737 2834 sunt
760 2776 795 2834 de
819 2794 946 2851 quarum
968 2795 1057 2852 copu-

52 2858 151 2921 latione
173 2862 333 2936 iudieatur,
363 2866 398 2922 ut
420 2867 466 2922 est
490 2859 527 2922 ‘si
551 2864 685 2923 ambulat
712 2859 869 2928 movetur'.
916 2865 967 2924 sed
992 2885 1059 2924 cum

51 2947 81 3006 de
110 2953 315 3010 coniunctione
352 2954 569 3012 sententiarum
604 2954 749 3012 iudicium
779 2953 828 3027 fit,
864 2954 980 3012 tamdiu
1013 2957 1059 3014 est

50 3037 132 3099 donec
158 3041 353 3117 perveniatur
375 3042 413 3100 ad
440 3060 595 3100 summam.
641 3062 758 3101 summa
781 3047 826 3102 eat
849 3046 949 3102 autem
980 3063 1057 3119 quae
1070 3061 1097 3102 aa

50 3127 195 3188 conficitur
218 3149 254 3188 ex
276 3132 429 3190 concessis.
475 3131 557 3206 quod
584 3131 650 3190 dico
673 3132 735 3190 tale
759 3134 816 3191 eat:
847 3133 899 3207 qui
922 3131 996 3191 dicit
1019 3127 1057 3190 ‘si

49 3217 173 3277 ambulat
196 3213 344 3278 moretur'
371 3219 497 3295 probare
520 3221 588 3279 vult
610 3221 734 3296 aliquid,
762 3224 797 3280 ut
819 3239 887 3280 cum
909 3221 965 3280 hoc
988 3239 1056 3280 con·

49 3322 152 3367 cessero
180 3327 284 3366 verum
313 3326 389 3381 esse,
418 3311 510 3368 restet
536 3309 584 3368 illi
606 3311 711 3368 docere
743 3310 823 3384 quod
851 3309 996 3385 ambulet,
1026 3313 1057 3369 et

49 3411 155 3455 summa
178 3399 384 3472 consequatur,
415 3417 490 3473 quae
512 3399 574 3456 iam
601 3401 707 3477 negari
732 3417 792 3458 non
814 3400 927 3474 potest,
956 3398 988 3457 id
1012 3403 1057 3458 est

50 3484 122 3556 quod
142 3488 287 3559 movetur,
315 3488 368 3544 aut
389 3488 481 3546 restet
508 3486 555 3546 illi
578 3487 691 3561 docere,
719 3488 799 3563 quod
826 3507 885 3546 non
908 3492 1056 3563 movetur,
1070 3507 1096 3548 so

50 3577 80 3629 ut
95 3577 289 3650 consequatur
307 3593 432 3649 summa,
455 3595 532 3651 quae
554 3578 629 3635 item
646 3596 707 3635 non
724 3578 825 3652 potest
846 3595 906 3635 non
925 3578 1055 3652 concedi,
