2534 3908
142 146 193 199 XII
548 144 751 214 Prolegomono

143 313 229 361 amem
243 307 384 374 professus
402 311 440 360 est
463 306 507 374 (cf.
528 305 629 371 Maru,
649 305 723 358 Beri.
738 305 808 374 pini.
827 305 917 358 Woch.
934 308 1008 359 1890
1021 321 1052 374 p.
1068 305 1158 371 1007).

143 379 267 432 uniocrse
286 378 422 443 Breosbo,
441 377 637 447 Pauly-Wiss.
657 375 721 430 RE
736 381 763 441 2,
779 381 875 443 14166.

213 495 263 550 10.
287 492 367 550 Pur.
394 490 464 550 Cato
487 494 576 550 niz
610 495 649 573 τῷ
681 487 779 566 μέντοι
809 490 987 573 παιδαγωγῷ
1013 488 1065 549 τὸν
1096 489 1159 549 Κά-

144 603 221 640 τωνα
245 575 287 660 [6.
309 574 436 660 659ί95
453 573 569 659 natum]
594 580 753 639 πείθεσθαι
778 575 831 656 μὲν
850 577 967 658 λέγουσι
989 577 1039 638 καὶ
1062 583 1159 639 ποιεῖν

143 669 223 728 άπαν
253 669 284 730 τὸ
311 668 577 748 προσταττόμενον,
607 666 730 728 ἑκάστου
759 665 791 727 δὲ
817 666 873 744 τήν
900 668 997 727 αἰτίαν
1025 665 1159 728 ἀπαιτεῖν

143 758 193 819 καί
216 757 248 818 τὸ
274 757 323 818 διὰ
347 759 376 818 τί
396 757 616 818 πυνθάνεσθαι.
662 755 712 816 καί
734 779 789 837 χαρ
813 749 851 836 ήν
875 757 983 838 χαρίεις
1012 753 1027 815 ὅ
1050 757 1159 816 παιδα-

35 854 37 858 ’
116 845 237 958 τχωγὸς
266 847 358 908 αὐτοῦ
386 845 435 906 καί
462 845 589 928 λόγον’
579 845 652 925 ε’χων
679 855 732 906 τοῦ
755 844 904 906 κονδύλου
927 845 1159 925 προχειρότερον,

144 933 238 1015 όνομα
260 936 471 1014 Σαρπηδών.

212 1066 261 1122 11.
280 1061 391 1121 Suedas
399 1081 432 1144 p
442 1062 552 1122 99919
572 1053 1044 1139 ΔιονύσιοςἈλεξανόρεός,
1062 1054 1158 1142 Θρᾲξ

144 1147 175 1210 δὲ
200 1147 292 1229 (καὶ)
319 1148 378 1210 άπὸ
406 1158 459 1210 τοῦ
487 1147 596 1226 πατρὸς
622 1147 722 1229 Τήρου
747 1152 843 1226 Τήρος
866 1146 997 1225 τοῦνομα
1024 1148 1157 1226 κληθείς,

139 1233 328 1319 Ἀριστάρχου
351 1237 490 1318 μαθητής
509 1237 718 1318 γραμματικός,
740 1234 773 1310 ὃς
792 1235 996 1314 ἐσοφίστευσευ
1016 1235 1048 1296 ἐν
1063 1231 1157 1321 Ῥώμη

143 1327 190 1388 ε’πί
214 1329 375 1407 Πομπηίου
404 1337 456 1388 τοῦ
486 1326 612 1406 μεγάλου
640 1325 689 1386 καὶ
717 1326 878 1406 ἐξηγήσατο
905 1326 1092 1405 Τυραννίωνι
1118 1330 1158 1409 τῷ

116 1415 288 1502 τπροτέρηο,
322 1415 459 1489 συνέταξε
486 1415 521 1475 τὰ
548 1419 668 1475 πλεῖστα
690 1414 874 1496 γραμματικά
902 1436 931 1475 τε
958 1412 1008 1474 καί
1036 1432 1159 1495 συνταχ-

143 1505 249 1584 ματικόι
286 1504 336 1566 καί
372 1504 578 1583 ὑπομνήματα.
642 1523 703 1560 eum
734 1507 914 1561 Aristarchus
946 1522 1021 1560 anno
1053 1506 1160 1560 circiter

142 1586 278 1658 61οί144
314 1595 437 1644 mortuus
472 1589 510 1641 sit
546 1587 691 1655 (GBusob,
724 1587 756 1641 de
784 1587 903 1641 biblioth
928 1587 1080 1640 Alexandr.
1110 1585 1159 1653 qui

141 1660 272 1726 feruntur
280 1661 427 1728 primisp
448 1660 545 1727 51qu
560 1660 618 1712 eius
637 1659 789 1727 discipulus
808 1659 963 1726 Dionysius
981 1657 1053 1710 inter
1071 1673 1160 1710 annos

143 1730 403 1802 coesto-tomos
422 1730 479 1799 (ἐπί
497 1726 658 1798 Πομπηίον)
678 1732 726 1784 oin
744 1730 900 1784 doceret
851 1745 887 1796 po
889 1729 942 1782 tuit
961 1728 1005 1796 (cf.
1021 1728 1159 1782 Hillscber

137 1819 167 1872 p.
188 1806 249 1856 360.
291 1803 377 1868 Cobn,
406 1802 515 1872 Pauly·
505 1802 602 1856 -Wiss
622 1801 728 1867 RE5,
747 1799 901 1871 9'77s134);
927 1800 974 1854 sed
996 1799 1100 1853 Suidas
1127 1801 1159 1852 in

141 1874 306 1941 temporibus
337 1874 513 1940 definiendis,
540 1873 704 1940 praesertim
731 1889 750 1925 a
777 1873 931 1926 Ptolemaeo
958 1871 1099 1939 Euerpeta
1125 1871 1164 1925 ΙΙ

142 1947 178 2014 (a.
199 1947 366 2014 oosszeo-
333 1945 505 2014 -637ί117)
528 1961 613 2012 usque
635 1945 672 1996 od
690 1945 848 2013 Aupustum
871 1942 1061 2011 (1961616196.
1083 1943 1158 1994 Mus.

142 2017 452 2084 33,168ain.6ot.,)
471 2016 583 2070 incuria
598 2016 749 2082 peccavisse
767 2015 882 2078 uidetur,
902 2030 959 2067 non
978 2015 1058 2067 aliter
1077 2019 1157 2081 atque

142 2089 173 2140 in
201 2088 301 2141 Asinio
329 2088 454 2141 Pollione
485 2086 641 2152 Tralliani),
669 2103 747 2154 quem
778 2055 935 2171 Timopbmis
962 2085 1007 2153 (of.
1034 2083 1158 2139 Sentio

142 2161 231 2241 ira3,
250 2160 296 2227 93)
320 2159 411 2213 sciolo
436 2164 560 2226 suscepta
586 2127 689 2212 Romae
716 2157 761 2211 ἐπὶ
787 2152 937 2244 Πομπηίου
962 2163 1011 2209 τοῦ
1037 2153 1156 2224 μεγάλου

143 2231 206 2284 item
220 2199 342 2283 iacuisse
356 2229 431 2283 dicit.
457 2246 523 2283 narn
541 2229 614 2297 quod
629 2228 704 2284 Oiint
693 2233 739 2282 ton
755 2224 865 2282 uerba
852 2245 922 2288 ος-
889 2225 1051 2295 -μεχάλοο
1066 2233 1157 2280 trasm-

137 2317 246 2369 ponens
260 2301 298 2354 ad
315 2302 518 2424 Tyrannionem
536 2301 649 2366 rettulit,
631 2301 774 2354 tminime
791 2298 945 2364 satisfacit,
963 2297 1068 2352 Suidas
1086 2298 1158 2351 enirn

142 2372 282 2426 auditores
306 2373 356 2426 sub
382 2373 509 2455 erupistri
532 2373 642 2425 nornine
667 2377 777 2441 tompore
802 2371 879 2436 solet,
908 2370 967 2422 abia
992 2369 1024 2422 de
1049 2369 1086 2422 iis
1110 2385 1159 2422 suo

142 2444 272 2512 cuiusque
298 2444 353 2498 loeo
380 2445 498 2512 exponit
540 2443 621 2497 aliter
648 2443 680 2496 de
707 2459 736 2495 re
763 2442 872 2496 iudicat
899 2440 1034 2494 Susemibl
1057 2443 1159 2506 9,168

142 2513 206 2568 adn
224 2518 285 2568 139.
323 2515 478 2585 Sandsysp
494 2518 554 2568 138.

214 2626 229 2674 9
249 2622 298 2675 καί
316 2621 380 2676 add.
398 2623 496 2686 Marx,
515 2620 590 2674 Berl.
605 2621 674 2689 phil.
696 2619 787 2674 Wocn
803 2623 876 2675 1890
890 2636 921 2688 p.
937 2622 1009 2674 1007
1066 2615 1159 2684 Τήρου

144 2693 246 2764 Τῆρος]
265 2695 299 2761 cf.
320 2693 454 2748 Susamibt
472 2692 539 2746 ibid.

211 2826 260 2884 19.
283 2824 394 2885 Suidos
411 2845 443 2900 p.
465 2828 505 2884 61
526 2825 564 2884 Β
593 2819 822 2903 Ἀλέξανδρος
850 2817 865 2880 ὁ
894 2819 1092 2898 Μιλήσιος,
1125 2814 1158 2891 ὃς

142 2913 317 2992 Πολυίστωρ
341 2912 491 2990 ἐπεκλήθη
519 2911 569 2973 καί
592 2912 773 2993 Κορνήλιος,
803 2908 876 2970 διότι
899 2909 1056 2994 Κορνηλίῳ
1080 2909 1159 2968 Λεν-

143 3002 238 3087 τοόληο
262 3001 506 3081 αἰχμαλωτισθεις
525 3001 644 3079 ἐπράθη
663 2999 712 3060 καί
731 2999 811 3083 αὐτην
829 2996 1017 3078 παιδαγωγὸς
1036 2995 1160 3077 ἐγένετο,

143 3085 204 3152 εἶτα
221 3089 426 3202 ἠλευθερώθη.
454 3084 493 3170 ήν
513 3088 544 3151 δε
562 3089 595 3150 ἐν
609 3087 707 3175 Ῥώμη
727 3088 774 3149 ἐπὶ
792 3097 852 3148 τῶν
866 3087 967 3148 Σύλλα
981 3085 1096 3167 χρόνων
1109 3085 1159 3146 καί

116 3179 190 3241 tini
212 3180 289 3240 τάδε.
327 3179 463 3266 ἀνῃρέθη
485 3177 517 3240 δε
535 3179 567 3240 ἐν
582 3185 778 3260 Λαυρενταῖς,
800 3176 860 3238 ὑπὸ
879 3175 973 3254 πυρὸς
992 3185 1044 3255 τῆς
1063 3175 1159 3247 οἰκίας

142 3269 322 3348 φθαρείσης·
351 3267 443 3348 καλή
471 3267 548 3349 χυνή
577 3268 671 3328 αὐτου
690 3261 795 3345 Ελένη
821 3271 963 3345 μαθουσα
985 3289 1000 3326 τ
1002 3262 1159 3343 ὸσυμβόιν

143 3352 353 3466 άπήχξατο.
335 3383 373 3438 ην
388 3355 419 3419 δὲ
433 3357 632 3440 γραμματικὸς
646 3367 705 3418 τῶν
719 3356 873 3437 Κράτητος
888 3360 1042 3466 μαθητῶν.
1072 3346 1158 3425 οὗτος

143 3446 363 3527 συνέχραψει
333 3449 432 3528 βιβλία
455 3445 588 3528 ἀριθμοῦ
611 3447 741 3528 κρείττω,
764 3444 814 3505 καί
837 3442 904 3525 περι
923 3436 1039 3521 Ρώμης
1060 3443 1159 3521 βιβλία

141 3533 234 3596 π.ἐντε
279 3537 360 3597 Sero.
383 3539 464 3598 Dan.
487 3535 562 3596 Aen.
588 3541 639 3606 10,
659 3537 725 3596 388
751 3537 807 3596 hoo
834 3538 932 3593 totum
955 3532 1159 3592 Alexander
