2480 3904
458 174 486 229 a.
504 174 619 228 Asinius
638 174 727 228 noun
745 145 749 148 ’
1032 173 1097 238 499

73 334 227 388 Prisciano
252 335 424 403 nynifioatas
447 338 485 390 sit
506 337 586 389 nnlia
611 337 669 389 ian
692 336 829 389 dubitatio
853 337 913 404 est),
940 337 1096 405 aonbioitnr.

72 406 133 459 ieta
156 412 248 460 tamen
270 405 338 459 adeo
359 408 514 462 reconditae
537 408 728 476 interiorisque
753 413 873 460 naturae
897 413 976 473 enat,
1001 414 1033 461 nt
1061 408 1098 461 ad

73 477 226 542 orationes,
249 494 318 545 unae
340 479 431 548 Berob
453 479 582 548 eoaitauit
604 479 657 547 (op.
676 481 703 543 2,
718 481 778 531 751.
824 479 858 544 cf.
883 478 1099 533 D'Henbeooart

75 550 94 602 b.
116 563 139 601 e.
155 565 186 617 p.
206 552 240 601 61
264 555 289 603 et
306 550 387 616 Beob,
406 550 481 604 Pan
505 550 568 603 dab.
591 565 668 604 soen.
691 550 748 602 rell.
768 567 798 618 p.
814 553 847 602 31
868 550 954 618 adua),
979 551 1027 604 uia
1052 567 1096 604 aa·

74 620 252 674 commodata
269 622 326 674 sint
342 622 506 690 faciliusque
520 623 551 674 in
565 621 634 675 libro
648 621 767 688 quodam
780 623 968 690 yranematioo,
981 622 1098 687 fortusse

73 693 110 744 in
140 692 276 759 epistulis,
304 692 391 745 boam
417 709 499 746 snam
526 694 671 746 inueniant
698 693 743 760 (os.
768 691 871 760 Haupt
897 709 939 760 op.
965 696 992 758 2,
1013 697 1096 761 blsq.

74 762 204 828 Hardea,
218 763 309 816 bbeeb.
323 764 509 818 Jabrbb.137.
524 766 601 816 1888
610 781 641 832 n.
652 765 725 832 369).
746 763 778 816 de
792 763 849 817 loeo
864 763 957 818 eall
968 765 995 818 V
1006 767 1097 830 5746

74 832 220 902 (caminus
234 832 344 899 generis
358 834 515 900 masculini,
531 833 604 887 sieut
619 833 708 888 Pollio
720 833 846 903 Asinius)
860 836 895 901 es.
906 835 1020 889 Haoer
1029 836 1096 889 ibid.

69 922 104 973 ρ.
121 909 185 958 371.
214 906 251 958 aob
264 905 347 959 baias
360 907 435 960 nodi
453 907 553 960 libellos
568 908 649 960 ann
666 907 701 971 fr.
717 909 743 959 8.
763 911 799 960 10
812 907 949 974 pertinere
958 913 1096 974 poterant,

75 993 165 1044 aeque
179 983 259 1044 atque
273 979 437 1031 eaistimatio
453 977 628 1032 Ciceroniani
640 979 772 1031 sermonis
790 977 843 1044 (od.
860 978 897 1031 ad
914 979 951 1044 fr.
966 980 1010 1046 4),Ι
1027 978 1063 1045 fr.
1079 982 1097 1031 9

75 1054 178 1102 eontra
201 1065 234 1102 en
255 1050 378 1102 natium
391 1066 446 1117 pro
474 1049 605 1104 Urbiniae
622 1049 764 1102 heredibus
786 1049 899 1115 sbnnnse
921 1050 1097 1104 uerisimilius

74 1125 160 1187 pato,
184 1135 244 1172 enm
267 1136 296 1173 eo
319 1126 434 1188 ninpore
452 1122 570 1175 Asinius
594 1121 747 1174 aduersarii
764 1127 918 1188 patrnam
940 1121 1098 1175 Labienum

75 1191 219 1256 babuerit,
241 1192 387 1257 bominem,
414 1199 446 1246 nt
468 1194 510 1246 ait
527 1190 628 1245 Seneca
653 1193 779 1261 (controv.
795 1193 918 1260 buraef.
933 1193 962 1260 2)
989 1191 1097 1247 ‘menta

76 1279 164 1330 qaam
185 1263 295 1331 linquae
313 1263 480 1318 amarioris’.
513 1263 548 1329 fr.
564 1267 597 1316 11
616 1263 738 1317 historiis
756 1264 837 1332 ualyo
856 1263 1030 1318 adscribitur.

585 1413 604 1470 5

149 1518 204 1578 hos
230 1519 393 1596 pugillares
418 1521 448 1578 et
474 1519 638 1579 masculino
666 1539 773 1596 genere
796 1522 827 1578 et
853 1537 968 1594 semper
994 1520 1095 1595 plura-

77 1609 150 1666 liter
173 1607 263 1682 dioss,
286 1610 363 1668 sieut
380 1608 503 1668 Asinius
525 1608 557 1666 in
576 1604 782 1686 Valer<ium>‚
806 1611 877 1684 quia
899 1609 1031 1686 pugillus
1051 1613 1097 1668 est

78 1697 133 1773 qui
165 1697 265 1772 plures
296 1696 422 1756 tabellas
455 1699 588 1757 eontinet
618 1699 651 1755 in
683 1698 788 1757 seriem
820 1701 910 1758 sutas.
961 1701 1095 1756 attamen

78 1787 154 1844 haee
186 1786 348 1863 pugillaria
384 1789 502 1863 saepius
534 1788 712 1846 neutraliter
743 1787 817 1847 dicit
848 1788 927 1846 idem
959 1786 1095 1846 Catullus

77 1876 111 1933 in
135 1873 390 1950 hendecasyllabis
416 1869 482 1954 [49
500 1870 541 1955 5].
579 1877 653 1934 item
675 1871 844 1954 Laber<ius
867 1877 900 1936 in
922 1872 1123 1956 Piscatore>⁵

80 1958 121 2042 [o.
139 1958 199 2022 71¹
217 1957 330 2043 Ribb.³]
355 1965 549 2042 singulariter
570 1965 626 2024 hoo
649 1965 781 2042 pugillar
804 1965 886 2025 dioit.

154 2063 236 2118 enar.
257 2067 352 2131 p.97,
372 2069 408 2117 10
433 2066 477 2132 (=
492 2064 567 2118 Ptin.
592 2064 655 2117 dab.
679 2080 756 2118 serm.
778 2082 809 2133 p.
831 2067 875 2130 75,
894 2065 973 2133 713.)
1000 2079 1042 2118 nos
1057 2089 1098 2126 pu-

79 2148 172 2198 gillares
185 2165 212 2173 -
225 2147 286 2188 dicit.
322 2137 356 2202 of.
377 2135 457 2190 Beda
475 2136 542 2189 autb.
556 2153 587 2204 p.
606 2139 731 2201 285,16‚

153 2246 169 2292 2
193 2239 223 2293 in
242 2239 334 2294 Valer.
353 2243 422 2309 erpi.
442 2241 509 2296 Keil
531 2243 576 2310 (es.
596 2242 696 2310 Haunt
715 2243 731 2295 l.
747 2259 768 2296 e.
783 2259 814 2310 p.
830 2242 877 2310 68)
902 2240 934 2294 in
952 2240 1096 2296 Valerium

80 2311 130 2366 lib.
149 2310 170 2364 1.
191 2312 292 2366 Patseb
309 2311 340 2364 in
357 2311 511 2365 Labienum
529 2315 572 2366 uir
590 2314 704 2380 qnidam
722 2331 766 2381 ap.
788 2313 918 2367 Bondam
990 2318 1006 2366 5
1027 2311 1095 2366 Lab.

80 2383 110 2436 in
129 2383 159 2437 P.
179 2383 282 2438 Patseb
300 2399 333 2438 en
351 2384 430 2437 Beda

147 2624 180 2680 in
208 2623 294 2682 Nelei
322 2625 451 2682 oarnnine
487 2617 524 2702 [I
537 2641 569 2696 n,
588 2625 658 2682 271
679 2623 708 2682 V
722 2615 834 2702 Ribb.³]
873 2642 968 2700 aeque
996 2624 1095 2699 priseo

82 2707 196 2771 ‘saucia
227 2731 302 2788 puer
330 2712 394 2772 filia
426 2707 566 2786 sumam'‚
598 2713 650 2770 ubi
681 2715 783 2772 temen
812 2713 909 2772 Varro
942 2706 993 2791 [fr.
1013 2707 1093 2792 250]

81 2819 148 2860 oum
172 2795 223 2859 ‘a’
247 2821 339 2876 puers
367 2804 456 2878 putat
483 2800 609 2876 dietum,
640 2801 691 2860 sed
718 2801 821 2861 Aelius
847 2801 923 2861 Stilo
950 2804 1096 2879 magister

82 2891 144 2950 eius
170 2884 221 2969 [fr.
242 2884 299 2969 47]
322 2894 353 2949 et
374 2890 497 2950 Asinius
520 2893 631 2950 eontra.

155 2988 236 3044 asar.
255 3007 285 3057 p.
310 2993 355 3056 84,
374 2993 392 3042 8
421 2992 464 3060 (=
485 2990 561 3043 Ptin.
582 2989 647 3047 dab.
664 3007 742 3045 serm.
761 3008 791 3059 p.
811 2995 855 3057 49,
873 2990 966 3058 2413.)
989 3004 1014 3044 in
1031 3003 1096 3044 Noni

81 3092 109 3100 -
125 3077 210 3115 conus

364 3196 384 3251 7
409 3186 456 3271 [p.
474 3193 537 3252 501
559 3183 670 3252 ΟΜῙῖ
693 3187 809 3272 Meyer]

147 3318 303 3376 nanciscor
330 3319 421 3375 etiam
450 3320 572 3376 nautum
594 3319 669 3377 fauit
692 3317 802 3394 absque
825 3336 859 3394 n,
888 3321 923 3376 ut
944 3316 1041 3376 Probo
1065 3319 1095 3376 et

83 3405 179 3484 Capro
204 3409 234 3465 et
256 3405 384 3465 Pollioni
408 3409 438 3464 et
460 3407 557 3466 Plinio
580 3408 687 3483 placet.

154 3504 241 3560 Prisc.
257 3523 286 3574 p.
302 3509 363 3571 513,
379 3510 396 3559 7
414 3508 459 3573 (=
473 3507 548 3560 Ptin.
568 3506 630 3560 dab.
649 3524 726 3561 earn.
741 3523 771 3574 p.
787 3510 831 3572 39,
846 3507 919 3574 413.)
938 3521 1056 3560 nmcrsoor
1067 3535 1095 3546 -

82 3593 159 3639 pusca
196 3578 228 3631 de
247 3577 371 3632 Pollione
389 3580 423 3645 ef.
443 3578 556 3632 Hardea
574 3580 590 3632 l.
606 3595 627 3633 o.
642 3596 672 3647 p.
688 3582 750 3632 369.

830 3666 882 3718 32⁸
