2444 3902
390 191 428 245 M.
448 190 595 245 Terentius
613 191 702 245 Varro
990 190 1055 254 223

98 353 180 433 Noas.
198 355 359 434 [142616
376 352 534 435 001000οι01
552 351 719 435 animahoe
738 352 858 436 distant:
882 352 992 407 animus
1011 355 1055 407 est

25 439 253 549 ffiasgptrirzrznz
265 439 360 558 mr?
367 440 572 550 praxinus.
593 424 694 478 Aemus
709 423 836 493 Eprgone
851 424 1056 495 [fr.15].Varro

464 684 503 740 91
529 676 624 761 [420]

99 805 355 882 appellatura
379 806 566 866 caelatura
594 808 746 880 eaelum,
774 824 901 884 graece
929 807 971 866 ab
1000 826 1055 866 or·

28 897 121 952 natu
144 893 291 972 κόσμος,
313 895 429 953 latine
454 915 472 954 a
495 898 636 972 puritia
659 896 815 956 mundus.

102 1004 186 1058 Prob.
204 1003 280 1074 Verp.
305 1004 361 1058 tce.
383 1007 409 1068 6,
428 1006 462 1056 31
487 1003 597 1057 caelum
616 1035 648 1043 -·
669 1019 753 1072 quem
777 1003 897 1058 eundem
917 1004 1053 1057 mundum

30 1075 59 1125 et
90 1071 198 1142 κόσμον
226 1073 335 1127 dictum
365 1073 467 1143 probat
489 1073 578 1129 Varro
601 1075 632 1128 in
651 1073 776 1144 Cynicis,
801 1090 886 1143 quam
909 1075 1054 1146 inscripsit

30 1142 148 1198 Dolium
166 1147 217 1199 aut
236 1144 322 1212 Seria,
341 1145 393 1199 sie:
413 1145 535 1199 Mundus
550 1178 583 1186 -
599 1147 736 1216 acceptat.
756 1145 882 1199 Postumi
901 1147 947 1200 cui
962 1146 1054 1217 sepla-

32 1214 74 1268 sia
93 1216 165 1270 fetet
189 1215 336 1288 [Postume
353 1234 403 1270 cur
421 1217 537 1283 Bacch„
559 1219 625 1287 post
642 1217 738 1270 vinum
757 1217 863 1288 Riese]:
883 1233 1009 1280 epponem
1027 1251 1054 1258 -

32 1302 136 1342 nunnus
161 1289 195 1354 cs.
212 1288 301 1343 Varro
319 1287 353 1343 de
370 1290 388 1342 l.
409 1289 442 1342 L.
464 1293 490 1354 6,
505 1292 529 1342 3.
550 1291 609 1344 Aet.
629 1289 699 1344 61110
718 1289 753 1354 fr.
769 1294 793 1343 7.
813 1290 887 1344 Plio.
903 1307 930 1342 es.
945 1291 970 1343 1.
985 1293 1013 1356 2,
1027 1294 1052 1344 3.

452 1533 455 1538 .
471 1477 514 1535 92
537 1469 608 1554 [33]

100 1597 206 1674 idque
230 1599 385 1658 alterum
414 1574 639 1676 appellainus
663 1618 682 1657 a
706 1600 855 1660 calendo
884 1601 1053 1676 calorem,

37 1686 224 1747 alteruma
247 1690 390 1747 fervore
415 1688 550 1748 febrim.

107 1795 177 1849 Non.
201 1812 229 1864 p.
253 1800 298 1862 46,
323 1801 359 1850 19
385 1795 472 1850 febris
499 1795 702 1865 proprietatem
731 1811 748 1848 a
771 1795 902 1851 fervitete
937 1795 1052 1852 feritate

38 1866 162 1920 nonnulli
174 1866 251 1922 codd.
267 1865 428 1922 torriditate
443 1868 543 1933 Haeret,
562 1867 644 1921 Aret.
655 1868 676 1933 f.
687 1868 752 1922 Lot.
763 1869 830 1922 Lero.
842 1873 867 1935 1,
877 1799 942 1940 3185
961 1869 1053 1923 morbi

39 1935 81 1988 vel
97 1936 175 2002 mali,
198 1940 232 1992 ut
250 1954 268 1992 a
287 1937 403 1992 calendo
423 1937 544 1992 calorem
563 1939 608 1992 vel
626 1938 768 1994 esidorem
787 1939 875 1993 Varro
894 1939 1053 1994 Andabatis

41 2007 212 2133 {mentitam
226 2011 322 2079 putat:
336 2023 405 2073 ioque
419 2042 445 2050 -
458 2024 546 2065 rernm.
564 2011 633 2065 Ieid.
645 2027 683 2065 or.
699 2015 725 2077 4,
740 2016 766 2076 6,
779 2015 799 2066 2
813 2009 900 2065 febris
915 2029 932 2064 a
945 2010 1052 2066 fervore

130 2096 157 2133 es
171 2123 177 2134 .

108 2192 120 2240 l
139 2186 258 2256 ideoque
278 2189 351 2243 Roth

460 2340 502 2396 93
525 2332 620 2418 [323]

103 2463 323 2540 grallatores
342 2462 403 2539 qui
422 2463 652 2541 gradiuntur,
669 2464 831 2540 perticae
847 2467 931 2524 sunt
948 2465 1052 2542 ligna

105 2570 176 2624 Non.
193 2587 222 2639 p.
242 2574 305 2637 115,
322 2575 358 2624 19
383 2569 551 2641 grallatores
571 2603 604 2610 -
624 2571 713 2626 Varro
739 2571 868 2625 Mutuum
893 2571 964 2625 muli
990 2587 1050 2626 soa-

43 2634 104 2693 bunt
115 2657 215 2712 graeco
232 2642 298 2710 περὶ
317 2650 469 2712 preproperi:
491 2643 534 2695 ‘ut
552 2658 685 2706 gislam
698 2675 724 2682 —
738 2657 801 2707 ligus
819 2643 901 2713 φύσει
920 2641 1048 2713 ἀκίνητα,

44 2709 83 2762 rod
101 2711 134 2766 ab
153 2711 451 2784 [lignaefynareinolct
468 2713 555 2784 000101]
576 2713 690 2768 homine
709 2730 741 2768 eo
761 2713 810 2784 qui
829 2714 859 2767 in
877 2714 902 2768 is
917 2715 1048 2785 0101031-

42 2781 134 2848 tantur,
153 2784 193 2837 sie
212 2783 257 2838 illi
275 2784 364 2838 animi
381 2785 472 2839 nostri
485 2787 551 2838 sunt
569 2785 686 2856 milae,
705 2803 785 2840 crura
800 2801 833 2840 ae
851 2786 937 2855 pedes
951 2787 1052 2852 nostri,

43 2852 115 2917 orire
137 2853 274 2924 ἀκίνητοι,
293 2856 343 2910 sed
362 2855 398 2910 ab
417 2856 512 2910 animo
530 2858 697 2912 moventur’.
727 2858 815 2913 Vorro
834 2858 867 2911 dc
884 2859 902 2912 l.
918 2859 952 2912 L.
974 2861 999 2925 7,
1014 2862 1050 2912 69

43 2923 155 2990 grclator
172 2944 190 2980 0
208 2926 300 2997 gradu
318 2944 422 2998 magno
441 2927 541 2982 dictus.
578 2929 614 2995 es.
633 2930 716 2985 Paul.
736 2929 850 2997 Fectp.
866 2933 966 2995 97,12.

459 3117 500 3172 94
525 3109 619 3194 [roo]

99 3235 204 3296 habes
238 3237 300 3313 qui
331 3240 366 3297 et
398 3240 500 3298 cuius
533 3240 586 3297 rei
619 3257 725 3298 causa
763 3239 908 3298 fecerim
945 3239 1048 3299 heca·

44 3323 265 3386 tomben:·in
298 3344 367 3404 quo
396 3346 460 3406 ego
487 3332 526 3388 ut
548 3331 648 3404 puto,
680 3331 846 3403 quoniam
870 3333 923 3388 est
949 3330 1050 3387 luere

45 3413 183 3490 solvere,
210 3416 338 3476 lutari.

44 3531 175 3656 aram
185 3550 216 3602 p.
227 3536 290 3600 131,
300 3537 337 3588 16
348 3532 439 3587 lutari
453 3550 505 3603 pro
519 3533 568 3587 lui.
587 3533 677 3587 Varro
692 3532 832 3605 ἑκατόμβῃ
846 3534 911 3600 περὶ
924 3535 1050 3588 ocreae:

114 3633 139 3642 -
151 3618 230 3658 rums
