2442 3902
145 137 212 201 284
296 136 507 191 Grammaticus
521 135 621 190 eetetis
640 135 831 190 Vurrouiunee
851 136 1016 207 fragments.

92 323 132 363 eoo
146 305 269 364 modum
300 303 554 364 innumerabilia?
598 323 670 382 ergo
703 324 771 363 cum
803 303 927 364 dicimus
960 305 1045 384 vim,
1080 323 1156 364 sonus
1209 363 1210 366 ,

146 394 229 452 verbi
252 397 287 452 ut
305 394 418 453 dictum
437 397 482 452 est
500 394 587 469 qussi
605 393 722 453 validus
742 394 880 471 congruit
897 394 941 452 rei
961 413 1060 470 quem
1078 393 1155 472 signi·
1209 455 1210 476 ,

144 484 222 542 ficet.
268 483 329 542 itm
357 501 392 540 ex
414 483 468 542 ille
497 483 653 541 vicinitate
680 501 733 558 per
761 483 792 552 id
820 484 900 558 quod
928 483 1085 559 efficiunt,
1113 485 1154 540 boc
1209 479 1210 536 ζ

146 576 191 631 est
218 573 291 648 quie.
318 572 451 631 violente
481 575 564 647 sunt,
594 571 675 630 dicte
702 572 824 630 vinculo
853 576 978 646 possunt
1010 572 1110 631 videri
1134 575 1155 628 et
1209 579 1210 632 i

146 662 254 736 vimen,
278 681 337 737 quo
356 660 472 737 aliquid
489 660 646 719 vincietur.
683 661 752 719 inde
771 661 857 734 vites,
880 661 962 736 quod
981 661 1155 720 adminicula
1209 673 1210 696 ¹

93 771 132 810 sos
148 751 254 826 quibus
287 750 457 809 innituntur
489 749 612 808 nexibus
644 749 800 826 prendunt.
846 749 916 808 hinc
945 751 1008 808 iam
1043 753 1156 826 propter
1209 775 1210 778 ¹

146 839 372 899 similitudinem
396 839 552 897 incurvum
571 856 669 898 senem
688 839 801 897 vietum
821 838 977 897 Terentius
996 839 1156 916 appellavit

147 923 226 1007 [cuo.
244 923 330 1008 688]
367 928 436 987 hinc
455 931 544 1002 terre,
567 947 644 1004 quae
662 927 787 1004 pedibus
806 927 1014 988 itinerantium
1035 929 1156 986 flexuose

146 1020 177 1076 et
199 1017 274 1076 trite
297 1022 355 1091 est,
385 1017 436 1076 via
459 1017 575 1075 dicitur.
622 1017 648 1075 si
676 1020 775 1076 eutem
799 1017 863 1092 vin,
892 1017 974 1093 quod
996 1018 1029 1077 vi
1057 1017 1156 1094 pedum

146 1107 220 1165 trite
239 1109 293 1180 est,
316 1107 412 1184 magis
431 1106 563 1176 creditur
581 1106 670 1180 dicte,
693 1107 772 1164 redit
790 1105 874 1184 origo
893 1106 932 1165 ad
951 1106 1038 1164 illem
1061 1105 1156 1166 vicini·

92 1216 132 1255 sio
146 1198 248 1254 tutem.
290 1196 342 1255 sed
363 1196 508 1267 faciemus
533 1215 550 1253 u
574 1195 771 1254 similitudine
794 1195 865 1254 vitis
885 1196 933 1254 vel
956 1195 1088 1270 viminis,
1110 1195 1156 1253 hoc

146 1288 191 1343 est
219 1304 238 1342 e
264 1284 341 1365 flexp
371 1302 433 1343 esse
464 1284 584 1342 dictam.
630 1285 749 1360 quaerit
779 1303 849 1362 ergo
877 1303 895 1342 n
923 1304 970 1343 me
1000 1284 1157 1360 quispiam:

148 1393 239 1448 quere
258 1373 309 1432 vie
328 1373 408 1433 dicte
427 1372 494 1432 est?
525 1373 696 1449 respondeo,
716 1393 734 1432 a
752 1373 839 1448 flexu,
858 1373 938 1449 quod
955 1373 1066 1432 flexum
1083 1373 1157 1432 velut

146 1462 301 1522 incurvum
324 1464 439 1522 vietum
461 1465 574 1522 veteres
599 1463 746 1536 dixenmt,
773 1462 852 1520 unde
874 1463 953 1520 vitos
977 1462 1068 1522 etium
1087 1479 1157 1538 queo

95 1589 98 1594 ,
146 1551 255 1610 centho
275 1550 447 1610 ambiuntur
464 1555 599 1610 rotarum
613 1551 697 1629 ligne
714 1554 831 1610 vocent.
864 1551 1056 1626 persequitur
1074 1570 1156 1626 quee-

94 1662 132 1701 ns
146 1660 211 1700 rere
229 1640 308 1700 unde
324 1641 438 1699 vietum
451 1640 560 1708 flexum
573 1639 701 1714 dicutur,
720 1643 751 1699 et
768 1639 817 1698 hic
835 1639 1008 1716 respondeo,
1027 1659 1047 1698 e
1060 1639 1157 1699 simili·

146 1729 252 1798 tudine
271 1730 351 1788 vitis.
388 1730 483 1788 instat
501 1734 591 1805 atque
610 1729 711 1806 exigit,
734 1728 812 1787 unde
831 1730 876 1787 itu
894 1729 934 1788 sit
952 1729 1024 1788 vitis
1043 1748 1156 1802 nomen,

110 1884 113 1890 ,
147 1819 227 1893 dico,
260 1819 340 1894 quod
371 1819 484 1877 vinciet
517 1837 552 1877 en
584 1837 660 1894 quee
693 1817 957 1893 comprehenderit.
1012 1821 1158 1878 scrutetur

147 1908 245 1984 ipsum
270 1910 382 1966 vincire
404 1907 482 1966 unde
507 1907 619 1967 dictum
641 1909 691 1982 sit,
719 1906 851 1966 dicemus
874 1926 893 1965 u
915 1907 954 1965 vi.
1001 1907 1047 1966 vis
1071 1925 1156 1983 quare

147 1997 189 2056 sic
218 1998 388 2073 appelletur
418 1997 565 2072 requiret,
596 1995 737 2055 reddetur
765 1998 843 2054 ratio
875 1995 954 2072 quod
984 1996 1103 2055 robusto
1130 1999 1157 2052 et

94 2107 133 2147 ero
148 2089 234 2162 quusi
264 2086 364 2145 valido
395 2105 467 2145 sono
496 2084 619 2144 verbum
645 2085 689 2143 rei
716 2103 807 2161 quum
838 2084 989 2161 significet
1018 2085 1156 2162 congruit.

147 2177 228 2234 ultra
250 2176 330 2252 quod
352 2175 487 2251 requirat
510 2193 569 2232 non
594 2174 693 2234 habet.
740 2177 813 2248 quot
835 2173 931 2233 modis
956 2177 1058 2233 eutem
1080 2173 1156 2250 origo

147 2265 303 2324 verborum
318 2265 507 2340 corruptione
521 2282 628 2324 vocum
642 2265 784 2338 varietur,
802 2265 938 2339 ineptum
954 2266 1000 2323 est
1017 2263 1156 2338 persequi.

218 2401 335 2470 Auyust.
360 2399 392 2453 dc
416 2398 521 2453 dialect.
545 2402 624 2453 1-7
652 2396 803 2450 dialectice
830 2400 873 2451 est
900 2397 971 2451 bene
1000 2393 1157 2466 disputandi

147 2470 272 2524 scientio.
311 2470 487 2538 disputamus
506 2473 601 2523 eutem
618 2469 716 2537 utique
735 2468 837 2522 verbis.
875 2485 944 2524 verbe
965 2469 1056 2538 igitur
1073 2487 1108 2522 eut
1123 2497 1156 2504 -

146 2557 221 2596 cums
252 2558 305 2596 neo
327 2541 436 2595 mireris
455 2541 529 2609 quod
553 2541 693 2608 disputet,
716 2540 844 2607 quumvis
867 2556 902 2593 ex
920 2540 1030 2594 duobus
1054 2553 1157 2605 compo·

147 2614 232 2666 situm
251 2614 301 2681 sit,
320 2616 415 2667 tomen
434 2612 508 2666 inter
527 2611 668 2680 simplicio
686 2613 862 2665 numeratum
882 2614 932 2665 est.
970 2627 1038 2664 num
1055 2629 1098 2664 res
1112 2608 1156 2660 de·

146 2684 274 2738 finitione
297 2684 463 2738 illustretur.
501 2683 608 2737 dictum
632 2684 674 2736 est
696 2682 773 2736 enim
796 2683 826 2735 id
849 2698 911 2736 esse
934 2682 1066 2752 simplex,
1089 2679 1156 2748 quod

146 2773 234 2808 unum
257 2755 392 2823 quiddam
417 2754 565 2824 significet.
602 2755 700 2822 itnque
717 2769 761 2808 hoc
778 2769 903 2808 includitur
921 2785 955 2793 —
974 2768 1155 2817 unumunurm.

148 2828 172 2879 si
197 2827 312 2894 quidem
339 2826 466 2894 quisquis
494 2825 564 2880 dicit
589 2824 702 2879 ambulo
728 2827 757 2879 et
783 2824 1005 2879 ambulationem
1030 2823 1098 2879 fucit
1116 2822 1155 2874 in-

146 2897 245 2966 tellegi
268 2901 297 2952 et
321 2913 350 2951 se
373 2898 466 2965 ipsum
489 2896 538 2964 qui
562 2896 701 2963 ambulet,
730 2899 759 2950 et
781 2897 909 2964 quisquis
933 2895 1005 2950 dicit
1027 2893 1155 2956 ambules,

149 2969 281 3023 similiter
304 2972 332 3023 et
355 2985 415 3022 rem
433 2984 505 3036 quae
524 2968 603 3022 litet
622 2984 685 3021 eum
704 2967 753 3035 qui
771 2967 842 3021 fecit
856 2966 1015 3038 significet.
1051 2970 1154 3020 atvero

148 3041 196 3108 qui
215 3040 286 3094 dicit
305 3038 439 3105 ambulet,
464 3038 537 3093 nihil
556 3038 633 3092 uliud
652 3056 737 3107 quem
759 3039 851 3108 ipsam
876 3039 1017 3108 significat
1040 3035 1154 3092 ambule-

147 3113 261 3166 tionem.
288 3129 373 3180 quam
383 3110 418 3165 ob
428 3127 487 3164 rem
500 3125 881 3172 tertie—proloquiornmsummu
900 3109 951 3163 has
962 3125 1029 3181 0130
1039 3106 1153 3178 8111311]ῑῦ

146 3185 241 3252 portes
260 3182 425 3253 diligentius
444 3181 622 3251 explicemus.
650 3197 743 3236 verbum
757 3200 791 3236 eu
804 3213 838 3221 -
852 3196 933 3236 noem
945 3200 1024 3244 pomi
1046 3212 1077 3221 -
1095 3201 1153 3232 enne

148 3270 241 3309 verbum
255 3285 289 3295 —
303 3269 393 3318 signum
407 3272 445 3308 eu.
478 3253 582 3322 quippe
600 3252 736 3323 inspectis
755 3271 773 3307 e
790 3253 903 3322 legente
922 3251 1027 3307 litteris
1044 3249 1154 3306 occurrit

147 3326 241 3380 animo
260 3325 329 3394 quid
347 3340 413 3379 voce
427 3326 598 3393 prorumpet.
623 3356 656 3364 -
679 3338 719 3378 sec
732 3339 793 3387 quon
816 3356 849 3364 -
872 3339 992 3390 emmens.
1010 3324 1059 3378 sed
1071 3337 1151 3376 exem·

148 3395 203 3463 plis
222 3395 292 3449 boec
311 3394 480 3448 illustrando
498 3411 558 3448 esee
577 3395 724 3466 perspicio.
749 3426 783 3436 —
807 3412 872 3450 ecce
891 3395 967 3449 enim
985 3411 1054 3450 verse
1065 3409 1110 3458 spu
1122 3420 1150 3430 -

149 3478 253 3529 clamare,
272 3466 300 3517 et
319 3465 462 3533 Vergilius
481 3465 516 3535 [y.
533 3469 558 3532 3,
571 3466 640 3537 223]
661 3465 791 3520 ‘reboent
810 3466 917 3520 silvue'.
946 3492 1000 3530 ergo
1018 3481 1104 3522 versun
1123 3491 1150 3500 -

147 3549 254 3588 munio.
273 3565 308 3574 —
331 3548 400 3588 stoici
423 3555 546 3600 summane,
578 3553 647 3603 quos
676 3535 771 3591 Cicero
804 3537 874 3608 [scio
907 3538 1018 3610 Usener]
1050 3537 1078 3590 in
1105 3533 1149 3586 hoc
