2442 3902
406 203 443 256 M.
462 202 609 258 Terentius
628 202 717 257 Varro
1004 202 1069 266 343

54 381 86 432 p.
103 368 179 429 375⁸,
194 367 229 418 15
262 363 367 432 Valgos
396 364 455 434 (qui
483 363 606 418 diversas
634 380 714 418 surae
740 363 884 433 habeant).
934 365 969 431 of.
993 365 1067 419 Non.

53 453 85 504 p.
102 439 144 502 25,
157 439 184 490 8.
219 436 358 502 Weioheit,
373 442 456 506 poeti.
475 436 551 490 Lan.
570 438 627 490 rell.
642 441 696 491 231
716 438 838 491 odn.16.
873 436 943 490 aeide
963 436 1017 490 Oio.
1037 437 1069 490 de

57 509 152 632 giga?
167 513 192 574 1,
201 511 240 562 80
259 505 421 576 Capitonem
443 508 481 561 id.
496 509 562 563 nid.
578 507 744 573 Frontonem
766 509 853 563 Varro
867 508 900 562 de
913 509 930 562 l.
946 509 980 562 L.
997 512 1023 573 7,
1033 512 1070 561 46

56 773 207 828 DEORUM
231 774 410 829 NOMINUM

123 901 187 955 haee
211 919 281 970 qnae
304 908 432 956 seenntnr
456 903 611 971 froynzento
636 919 670 956 ea
694 919 785 956 rernm
808 902 967 956 divinornm
991 903 1069 956 libris

56 973 174 1027 maxima
189 991 224 1028 en
237 975 479 1042 portinianum.

525 1126 590 1183 369

119 1250 208 1307 quam
244 1232 341 1290 Varro
380 1225 566 1312 [Feroniam
584 1226 719 1310 matrem]
762 1231 945 1291 Libertatem
982 1232 1067 1291 deam

61 1319 137 1394 dnn,
159 1321 319 1380 Feroniam
341 1321 428 1396 quasi
450 1321 615 1386 Fidoniam.

58 1493 82 1556 5,
99 1418 193 1544 ἔτι).
214 1421 291 1474 Dan.
311 1420 380 1474 Aen.
400 1424 427 1487 8,
442 1425 495 1474 564
509 1445 576 1482 quam
590 1433 755 1474 -moonnm
792 1419 826 1486 es.
848 1421 935 1475 Varro
953 1421 986 1474 de
1000 1422 1017 1474 l.
1032 1421 1066 1474 L.

523 1590 587 1646 370

120 1695 305 1771 Imporoitor‚
338 1696 388 1772 qui
419 1712 524 1771 porcas
553 1697 586 1754 in
614 1716 686 1773 agro
716 1697 790 1755 feeit
820 1697 946 1772 arand03
977 1716 1067 1773 porca

59 1785 152 1842 nutem
175 1788 221 1844 est
245 1785 325 1843 inter
348 1785 420 1844 duos
444 1785 540 1844 sulcos
563 1788 644 1844 tenna
668 1786 807 1844 eminens,

124 1884 204 1938 Paul.
224 1885 299 1938 Fett.
319 1902 349 1953 p.
365 1888 430 1950 108,
445 1888 462 1937 9
480 1897 614 1946 Imporoitor
627 1915 654 1923 -
668 1898 774 1938 ominem.
813 1884 885 1939 Fest-
905 1902 936 1954 p.
950 1885 1068 1952 238¹’,7

58 1969 158 2020 porcos,
177 1973 248 2024 quae
267 1955 342 2009 inter
358 1949 427 2009 duos
442 1954 533 2009 sulcos
547 1955 626 2024 finni,
646 1955 687 2009 ait
700 1956 788 2009 Varro
804 1955 868 2022 dini,
887 1956 963 2023 qnod
976 1956 1067 2024 porri-

59 2028 121 2092 gant
138 2025 314 2081 frumentum.
357 2027 445 2082 Varro
463 2045 486 2082 r.
500 2045 523 2082 r.
539 2031 564 2094 1,
578 2031 624 2093 29,
639 2031 656 2080 3
675 2027 751 2095 quod
769 2029 812 2080 ost
829 2027 904 2080 inter
922 2027 992 2081 duos
1011 2027 1067 2082 aul-

60 2111 101 2149 oos
118 2098 191 2151 olata
209 2100 294 2164 terra,
313 2097 417 2152 dieitur
435 2114 529 2167 porca,
548 2098 625 2166 quod
643 2115 677 2152 ea
696 2114 775 2168 seges
794 2097 964 2152 numentum
979 2099 1066 2168 porri-

60 2165 101 2220 eit.
135 2170 198 2224 tine
221 2177 312 2225 tomen
341 2170 465 2224 Verrium
488 2187 545 2224 non
567 2171 690 2225 honsione
707 2170 785 2224 hond
802 2171 911 2224 ininrio
929 2172 1067 2225 contendit

60 2239 243 2307 Reitzenstein,
267 2241 341 2295 Vm.
361 2241 473 2296 Foreei.
489 2259 520 2310 p.
535 2245 571 2295 33
589 2242 654 2295 adn.
673 2246 700 2296 2.
738 2243 818 2296 aliter
838 2244 925 2297 Vane
944 2242 976 2296 de
995 2244 1011 2296 l.
1031 2243 1065 2295 L.

60 2313 82 2375 5,
99 2316 139 2366 39.

524 2412 592 2468 371

120 2517 198 2592 quod
228 2516 351 2576 abiectis
382 2517 548 2576 infantibus
582 2511 719 2596 [Romulo
748 2521 774 2576 ot
796 2512 900 2598 Remo]
933 2520 1066 2594 pepercit

60 2604 125 2680 lupa
153 2625 213 2666 non
243 2606 339 2680 mitis,
370 2605 506 2682 Luperca
528 2639 572 2646 —
596 2607 651 2666 dea
684 2611 729 2666 est
761 2609 880 2666 auctora
912 2607 1066 2684 appellata

60 2693 192 2754 Varrone.
215 2729 260 2736 —
287 2695 451 2756 Praestana
484 2699 529 2756 ost
555 2727 593 2738 -
618 2697 715 2769 dicta,
747 2696 828 2772 quod
860 2695 1001 2765 Quirinus
1033 2698 1065 2754 in

60 2783 143 2842 iaculi
172 2785 313 2845 missione
344 2788 517 2844 cunctorum
546 2787 731 2861 praestiterit
760 2785 889 2860 viribus3
926 2789 956 2845 et
986 2786 1065 2862 quod

60 2871 120 2932 Tito
139 2874 236 2949 Tatio,
260 2872 464 2951 Capitolinum
483 2869 559 2953 (nt)
578 2875 678 2952 capiat
696 2875 810 2949 oollam,
834 2875 914 2933 viam
934 2876 1091 2951 panderes

59 2965 142 3106 {tque
160 2964 275 3040 aperire
297 2965 475 3040 permissum
499 2967 552 3038 ost,
576 2965 630 3022 dea
649 2963 753 3023 Panda
774 2966 818 3023 ost
842 2965 994 3040 appellata
1016 2966 1064 3024 vol

81 3054 182 3114 antica.

122 3151 224 3207 Arimi).
241 3156 266 3219 4,
282 3157 299 3207 3
318 3166 378 3214 quon
393 3184 426 3192 -
441 3166 540 3206 Pnntion.
568 3155 602 3220 cf.
620 3154 657 3219 fr.
672 3157 733 3208 201.

123 3261 188 3312 5ut
207 3260 270 3314 odd.
291 3260 412 3315 Soboene
485 3261 598 3328 caperet
622 3261 738 3315 Ursinus

522 3413 591 3470 372

117 3516 210 3578 Vama
243 3518 394 3578 haesitans
427 3538 504 3578 nuno
536 3535 598 3578 esse
630 3518 699 3577 illos
738 3511 861 3597 [Lenes]
898 3517 1000 3576 Manes
1033 3520 1064 3576 ot

60 3601 116 3668 ideo
144 3607 278 3670 Maniam
308 3610 436 3670 mairem
466 3627 528 3669 esso
559 3607 799 3688 cognominatam
829 3607 952 3682 Larum,
984 3625 1063 3670 nuno
