2444 3902
168 191 233 257 236
316 191 523 246 Grammaticos
543 192 644 245 aetatis
663 190 855 246 Varronianae
874 191 1035 262 fragmenta

584 363 648 418 133
672 354 766 439 [103]

235 478 253 534 l.
278 475 368 536 XIV.
413 478 592 551 petorritum
619 479 666 552 est
693 495 753 534 non
775 495 810 534 ex
835 473 960 534 Graecia
988 475 1163 546 dimidiatum
1210 475 1211 484 ’

168 564 220 626 sed
238 569 336 625 totum
352 565 580 640 Transalpibus3
604 585 674 623 nam
693 568 738 624 eet
757 583 814 624 vox
831 563 954 623 Gallica
991 563 1025 623 id
1043 565 1162 639 scriptun

169 658 214 714 est
236 656 268 712 in
291 654 368 713 libro
390 653 430 712 M.
450 654 594 712 Varronis
618 657 726 729 quarto
750 654 864 713 decimo
886 673 986 712 rerum
1008 654 1163 722 divinanrn,

104 791 108 794 .
168 761 227 820 quo
259 744 292 801 in
323 744 388 803 loco
418 744 514 802 Varro
547 761 614 801 cnm
646 743 681 800 de
712 743 859 818 petorrita
891 743 1028 817 dixisset,
1061 761 1119 802 esse
1144 739 1164 797 id
1210 787 1211 792 ,

141 833 291 894 averbum
311 831 468 900 Gallicum,
492 833 626 890 lanceam
650 851 767 909 quoque
790 831 867 891 dixit
890 851 950 891 non
966 831 1116 906 Latinum,
1134 835 1165 889 set
1210 843 1211 846 ’

167 919 364 998 Hispanicum
387 920 511 979 verbum
535 939 605 980 esse.

242 1021 309 1075 Geli.
326 1025 370 1086 15,
384 1024 429 1086 30,
445 1024 462 1074 6
479 1033 611 1081 peroratum
630 1019 704 1072 enim
723 1038 756 1074 ese
769 1051 796 1058 —
810 1045 862 1074 esse.
899 1021 934 1087 cf.
952 1020 1046 1090 Quint.
1062 1026 1087 1086 1,
1100 1024 1123 1084 5,
1135 1021 1164 1071 57.

167 1094 241 1148 σαι.
256 1109 286 1160 p.
301 1091 385 1158 203³,
400 1095 444 1146 30.
463 1091 532 1144 133.
547 1095 646 1156 0130,
661 1093 705 1156 12,
719 1095 744 1144 1.

240 1200 294 1252 it.
315 1196 451 1270 (ortam)
470 1199 549 1250 trane
572 1197 605 1250 A.
627 1198 713 1252 Hertz
736 1199 756 1250 t.
776 1197 982 1266 transalpinum
1006 1198 1167 1254 lorenceis

168 1272 212 1340 (cs.
232 1270 403 1336 Πιιιῑκιανω,
421 1269 505 1324 Arois.
518 1271 540 1336 f.
555 1269 619 1324 Lat.
636 1269 703 1324 Lea.
719 1272 824 1338 1252)
896 1269 1064 1338 inscriptum

584 1439 646 1495 131
673 1431 766 1516 [103]

235 1555 253 1611 l.
279 1553 368 1613 XIV.
415 1552 540 1632 Βάρρων
568 1550 601 1612 ἐν
628 1562 664 1636 τῇ
687 1553 983 1638 τεσσαρεσκαιδεκάτῃ
1011 1562 1072 1613 τῶν
1093 1551 1168 1611 θείων

167 1641 347 1722 πραγμάτων
372 1639 466 1719 φησὶν
490 1639 581 1700 αὐτὸν
611 1635 749 1720 [Ianam]
779 1640 860 1721 παρὰ
885 1642 1033 1714 Θούσκοις
1057 1637 1167 1721 οὐρανὸν

168 1728 305 1811 λέγεσθαι
329 1763 373 1771 -
396 1728 445 1790 καὶ
471 1729 644 1790 Ποιιάνωνα
668 1728 716 1789 σιὰ
739 1728 771 1788 τὸ
795 1729 827 1790 ἐν
851 1735 913 1802 ταῖς
936 1728 1092 1803 καλάνδαις
1112 1727 1168 1788 ιἰνα-

168 1817 313 1900 φέρεσθαι
336 1817 464 1879 ιιόιιανα.
496 1809 498 1814 ’

240 1919 312 1989 Lyd.
332 1919 365 1973 de
383 1935 464 1972 1111118.
485 1923 544 1984 4,2
562 1917 576 1972 ὅ
597 1915 628 1973 δὲ
648 1925 748 1989 Βάρρων
761 1950 788 1958 -
802 1926 905 1970 πόπανα.

241 2024 415 2080 31ι3πάωνα
435 2025 527 2080 Paris.
549 2024 733 2080 6113333084

609 2177 674 2234 135
699 2170 747 2254 [2]

175 2263 178 2268 Ι
235 2293 252 2349 l.
279 2292 348 2349 XV.
394 2291 490 2348 Varro
521 2291 553 2348 in
585 2290 662 2350 libro
696 2294 800 2366 quinto
825 2291 947 2364 ¹decimo
980 2313 1077 2352 rerum
1109 2291 1168 2349 divi-

167 2401 275 2439 narum
297 2383 341 2438 ite
364 2381 457 2438 refert
480 2380 559 2455 quod
582 2382 717 2455 pontifex
740 2381 772 2438 in
795 2383 887 2440 sacris
911 2380 1089 2458 quibusdam
1106 2381 1169 2440 vitn-

167 2471 225 2530 lari
248 2470 352 2544 soleat,
376 2467 455 2544 quod
479 2467 583 2528 Graeci
607 2469 771 2540 ιιαιανίζειν
793 2473 910 2529 vocant.

243 2569 367 2623 Macrob.
388 2570 414 2633 3,
432 2571 460 2634 3,
479 2571 513 2620 11
538 2567 572 2620 de
597 2568 676 2636 cuins
694 2567 773 2621 verbi
801 2568 940 2641 [citatam]
960 2569 1118 2640 significatu
1134 2564 1170 2618 Ti·

166 2641 224 2693 tius
245 2639 292 2710 [fr.
308 2639 346 2710 3].
380 2651 453 2692 Varro
473 2639 559 2692 etiam
577 2652 715 2693 1111313-
730 2655 817 2694 vocans.

597 2792 661 2848 136
684 2783 756 2869 [23]

233 2906 251 2964 l.
272 2905 361 2963 XVI
409 2903 480 2979 quid
504 2909 549 2964 est
572 2903 705 2964 Genius?
751 2906 836 2964 deus
865 2909 926 2981 qui
953 2908 1169 2982 praepositus

165 3000 221 3055 est
245 3013 284 3054 ac
306 2995 377 3054 vim
399 2993 507 3052 habet
530 2997 686 3053 omnium
708 3013 824 3052 rerum
848 2996 1114 3072 gignendarum.

238 3094 356 3162 1139331.
371 3093 420 3146 oio.
431 3093 456 3145 d.
474 3097 499 3158 7,
514 3097 549 3147 13
563 3109 618 3156 qum
632 3125 658 3133 -
672 3107 727 3147 oeus
745 3093 839 3160 inquit
858 3093 976 3165 [Varro]
991 3109 1031 3156 qur
1048 3126 1079 3134 -
1089 3108 1168 3158 geme·

165 3179 253 3219 aarum.
274 3166 309 3232 cf.
324 3166 442 3233 Aoyost.
461 3165 496 3230 fr.
512 3169 539 3219 2.
563 3166 595 3218 de
613 3164 662 3220 hoc
679 3165 833 3235 frapmcato
852 3172 877 3219 et
894 3166 1067 3234 sequentibus
1083 3165 1113 3218 de
1125 3161 1170 3216 dir's

165 3237 268 3291 selectis
286 3235 350 3289 huic
368 3235 437 3289 libro
456 3237 609 3290 tribuendis
627 3237 661 3302 ef.
677 3237 795 3306 Aoyost.
811 3235 877 3290 ibid.
894 3241 920 3303 7,
933 3241 960 3291 2.
979 3239 1025 3291 23.

598 3389 662 3444 137
686 3379 757 3464 [13]

233 3499 252 3554 l.
286 3498 374 3556 XVI.
431 3499 569 3556 dixerunt
598 3519 666 3557 eum
700 3493 825 3577 [133313]
856 3501 1007 3558 Victorem
1039 3501 1168 3559 ruviene

168 3581 324 3658 Opitulum
354 3583 540 3658 Inpulsorem
569 3586 718 3653 Statorem
748 3587 983 3662 centumpedam
1014 3587 1169 3665 supinalem
