<?xml version="1.0" encoding="UTF-8"?>
<!DOCTYPE html PUBLIC "-//W3C//DTD XHTML 1.0 Transitional//EN"
    "http://www.w3.org/TR/xhtml1/DTD/xhtml1-transitional.dtd">
<html xmlns="http://www.w3.org/1999/xhtml" xml:lang="en" lang="en">
 <head>
  <title>
</title>
<meta http-equiv="Content-Type" content="text/html;charset=utf-8" />
  <meta name='ocr-system' content='tesseract 3.04.00' />
  <meta name='ocr-capabilities' content='ocr_page ocr_carea ocr_par ocr_line ocrx_word'/>
</head>
<body>
  <div class='ocr_page' id='page_1' title='image "./grammaticaeroma00funagoog_0064.png"; bbox 0 0 2534 3908; ppageno 0'>
   <div class='ocr_carea' id='block_1_1' title="bbox 137 177 976 247">
    <p class='ocr_par' dir='ltr' id='par_1_1' title="bbox 137 177 976 247">
     <span class='ocr_line' id='line_1_1' title="bbox 137 177 976 247; baseline -0.005 -13"><span class='ocrx_word' id='word_1_1' title='bbox 137 179 181 243; x_wconf 83' lang='grc'><strong><em>24</em></strong></span> <span class='ocrx_word' id='word_1_2' title='bbox 322 179 529 233; x_wconf 83' lang='lat' dir='ltr'><strong><em>Grammaticae</em></strong></span> <span class='ocrx_word' id='word_1_3' title='bbox 549 178 799 233; x_wconf 85' lang='lat' dir='ltr'><strong><em>antevarrouianae</em></strong></span> <span class='ocrx_word' id='word_1_4' title='bbox 817 177 976 247; x_wconf 85' lang='lat' dir='ltr'><strong><em>fragmenta</em></strong></span> 
     </span>
    </p>
   </div>
   <div class='ocr_carea' id='block_1_2' title="bbox 135 336 1159 678">
    <p class='ocr_par' dir='ltr' id='par_1_2' title="bbox 135 336 1159 678">
     <span class='ocr_line' id='line_1_2' title="bbox 136 336 1156 418; baseline 0 -26"><span class='ocrx_word' id='word_1_5' title='bbox 136 341 185 393; x_wconf 89' lang='lat' dir='ltr'><strong><em>sed</em></strong></span> <span class='ocrx_word' id='word_1_6' title='bbox 209 356 281 408; x_wconf 90' lang='lat' dir='ltr'><strong><em>quae</em></strong></span> <span class='ocrx_word' id='word_1_7' title='bbox 304 340 459 409; x_wconf 83' lang='lat' dir='ltr'><strong><em>gignuntur</em></strong></span> <span class='ocrx_word' id='word_1_8' title='bbox 482 339 579 393; x_wconf 87' lang='lat' dir='ltr'><strong><em>statim</em></strong></span> <span class='ocrx_word' id='word_1_9' title='bbox 602 339 676 392; x_wconf 90' lang='lat' dir='ltr'><strong><em>vieta</em></strong></span> <span class='ocrx_word' id='word_1_10' title='bbox 697 341 726 392; x_wconf 91' lang='lat' dir='ltr'><strong><em>et</em></strong></span> <span class='ocrx_word' id='word_1_11' title='bbox 744 337 842 392; x_wconf 90' lang='lat' dir='ltr'><strong><em>mollia</em></strong></span> <span class='ocrx_word' id='word_1_12' title='bbox 861 340 946 418; x_wconf 78' lang='lat' dir='ltr'><strong><em>atque</em></strong></span> <span class='ocrx_word' id='word_1_13' title='bbox 965 337 995 390; x_wconf 93' lang='lat' dir='ltr'><strong><em>in</em></strong></span> <span class='ocrx_word' id='word_1_14' title='bbox 1013 336 1156 406; x_wconf 87' lang='lat' dir='ltr'><strong><em>principio</em></strong></span> 
     </span>
     <span class='ocr_line' id='line_1_3' title="bbox 136 408 1157 478; baseline 0 -16"><span class='ocrx_word' id='word_1_15' title='bbox 136 414 202 463; x_wconf 91' lang='lat' dir='ltr'><strong><em>sunt</em></strong></span> <span class='ocrx_word' id='word_1_16' title='bbox 224 411 322 477; x_wconf 79' lang='lat' dir='ltr'><strong><em>uvida,</em></strong></span> <span class='ocrx_word' id='word_1_17' title='bbox 348 428 403 464; x_wconf 88' lang='lat' dir='ltr'><strong><em>nou</em></strong></span> <span class='ocrx_word' id='word_1_18' title='bbox 426 412 537 464; x_wconf 87' lang='lat' dir='ltr'><strong><em>matura</em></strong></span> <span class='ocrx_word' id='word_1_19' title='bbox 555 428 620 465; x_wconf 86' lang='lat' dir='ltr'><strong><em>mox</em></strong></span> <span class='ocrx_word' id='word_1_20' title='bbox 639 411 710 464; x_wconf 88' lang='lat' dir='ltr'><strong><em>fiunt</em></strong></span> <span class='ocrx_word' id='word_1_21' title='bbox 729 411 778 464; x_wconf 88' lang='lat' dir='ltr'><strong><em>sed</em></strong></span> <span class='ocrx_word' id='word_1_22' title='bbox 797 411 900 478; x_wconf 84' lang='lat' dir='ltr'><strong><em>patna.</em></strong></span> <span class='ocrx_word' id='word_1_23' title='bbox 937 408 1157 476; x_wconf 86' lang='lat' dir='ltr'><strong><em>relinquendum</em></strong></span> 
     </span>
     <span class='ocr_line' id='line_1_4' title="bbox 135 480 1155 551; baseline 0 -17"><span class='ocrx_word' id='word_1_24' title='bbox 135 481 224 551; x_wconf 86' lang='lat' dir='ltr'><strong><em>igitur</em></strong></span> <span class='ocrx_word' id='word_1_25' title='bbox 247 482 337 535; x_wconf 90' lang='lat' dir='ltr'><strong><em>visum</em></strong></span> <span class='ocrx_word' id='word_1_26' title='bbox 361 484 403 535; x_wconf 90' lang='lat' dir='ltr'><strong><em>est</em></strong></span> <span class='ocrx_word' id='word_1_27' title='bbox 426 482 455 534; x_wconf 93' lang='lat' dir='ltr'><strong><em>in</em></strong></span> <span class='ocrx_word' id='word_1_28' title='bbox 479 482 606 551; x_wconf 86' lang='lat' dir='ltr'><strong><em>ingenio,</em></strong></span> <span class='ocrx_word' id='word_1_29' title='bbox 630 483 704 550; x_wconf 87' lang='lat' dir='ltr'><strong><em>quod</em></strong></span> <span class='ocrx_word' id='word_1_30' title='bbox 729 481 789 536; x_wconf 87' lang='lat' dir='ltr'><strong><em>dies</em></strong></span> <span class='ocrx_word' id='word_1_31' title='bbox 812 483 898 549; x_wconf 87' lang='lat' dir='ltr'><strong><em>atque</em></strong></span> <span class='ocrx_word' id='word_1_32' title='bbox 917 483 996 534; x_wconf 88' lang='lat' dir='ltr'><strong><em>aetas</em></strong></span> <span class='ocrx_word' id='word_1_33' title='bbox 1015 480 1155 534; x_wconf 78' lang='lat' dir='ltr'><strong><em>mitificat.</em></strong></span> 
     </span>
     <span class='ocr_line' id='line_1_5' title="bbox 135 553 1159 678; baseline 0 -72"><span class='ocrx_word' id='word_1_34' title='bbox 135 553 247 678; x_wconf 55' lang='lat' dir='ltr'><strong><em>cidttcst.</em></strong></span> <span class='ocrx_word' id='word_1_35' title='bbox 263 558 290 608; x_wconf 76' lang='lat'><strong><em>2.</em></strong></span> <span class='ocrx_word' id='word_1_36' title='bbox 309 553 375 608; x_wconf 81' lang='lat' dir='ltr'><strong><em>hacc</em></strong></span> <span class='ocrx_word' id='word_1_37' title='bbox 393 555 608 608; x_wconf 74' lang='lat' dir='ltr'><strong><em>narratiuncula</em></strong></span> <span class='ocrx_word' id='word_1_38' title='bbox 628 556 744 608; x_wconf 81' lang='lat' dir='ltr'><strong><em>Marcio</em></strong></span> <span class='ocrx_word' id='word_1_39' title='bbox 763 554 838 622; x_wconf 85' lang='lat' dir='ltr'><strong><em>(ibid.</em></strong></span> <span class='ocrx_word' id='word_1_40' title='bbox 854 555 916 622; x_wconf 83' lang='grc'><em>143)</em></span> <span class='ocrx_word' id='word_1_41' title='bbox 936 554 994 606; x_wconf 86' lang='lat' dir='ltr'><strong><em>ucri</em></strong></span> <span class='ocrx_word' id='word_1_42' title='bbox 1011 553 1159 607; x_wconf 74' lang='lat' dir='ltr'><strong><em>dissimilis</em></strong></span> 
     </span>
     <span class='ocr_line' id='line_1_6' title="bbox 136 641 250 678; baseline -0.009 0"><span class='ocrx_word' id='word_1_43' title='bbox 136 641 164 678; x_wconf 83' lang='lat' dir='ltr'><strong><em>nr</em></strong></span> <span class='ocrx_word' id='word_1_44' title='bbox 184 641 250 678; x_wconf 82' lang='lat' dir='ltr'><strong><em>cnr.</em></strong></span> 
     </span>
    </p>
   </div>
   <div class='ocr_carea' id='block_1_3' title="bbox 208 713 1100 783">
    <p class='ocr_par' dir='ltr' id='par_1_3' title="bbox 208 713 1100 783">
     <span class='ocr_line' id='line_1_7' title="bbox 208 713 1100 783; baseline 0.001 -18"><span class='ocrx_word' id='word_1_45' title='bbox 208 719 241 766; x_wconf 89' lang='lat'><strong><em>13</em></strong></span> <span class='ocrx_word' id='word_1_46' title='bbox 260 713 389 766; x_wconf 81' lang='lat' dir='ltr'><strong>molliora</strong></span> <span class='ocrx_word' id='word_1_47' title='bbox 410 714 483 768; x_wconf 84' lang='lat' dir='ltr'><strong><em>Oiscl</em></strong></span> <span class='ocrx_word' id='word_1_48' title='bbox 556 720 589 767; x_wconf 79' lang='lat'><strong><em>14</em></strong></span> <span class='ocrx_word' id='word_1_49' title='bbox 608 716 651 767; x_wconf 89' lang='lat' dir='ltr'><strong><em>est</em></strong></span> <span class='ocrx_word' id='word_1_50' title='bbox 665 721 730 783; x_wconf 80' lang='lat' dir='ltr'><strong><em>post</em></strong></span> <span class='ocrx_word' id='word_1_51' title='bbox 746 713 838 783; x_wconf 88' lang='lat' dir='ltr'><strong><em>pomis</em></strong></span> <span class='ocrx_word' id='word_1_52' title='bbox 857 731 914 768; x_wconf 92' lang='lat' dir='ltr'><strong><em>non</em></strong></span> <span class='ocrx_word' id='word_1_53' title='bbox 932 713 1006 768; x_wconf 88' lang='lat' dir='ltr'><strong><em>nulli</em></strong></span> <span class='ocrx_word' id='word_1_54' title='bbox 1023 714 1100 767; x_wconf 83' lang='lat' dir='ltr'><strong><em>codd.</em></strong></span> 
     </span>
    </p>
   </div>
   <div class='ocr_carea' id='block_1_4' title="bbox 135 801 1157 1012">
    <p class='ocr_par' dir='ltr' id='par_1_4' title="bbox 135 801 1157 1012">
     <span class='ocr_line' id='line_1_8' title="bbox 207 801 1157 867; baseline -0.001 -12"><span class='ocrx_word' id='word_1_55' title='bbox 207 808 249 855; x_wconf 89' lang='lat'><strong><em>11.</em></strong></span> <span class='ocrx_word' id='word_1_56' title='bbox 270 804 344 856; x_wconf 86' lang='lat' dir='ltr'><strong><em>Ptin.</em></strong></span> <span class='ocrx_word' id='word_1_57' title='bbox 360 822 387 855; x_wconf 89' lang='lat' dir='ltr'><strong><em>n.</em></strong></span> <span class='ocrx_word' id='word_1_58' title='bbox 402 804 427 856; x_wconf 86' lang='grc'><strong><em>5.</em></strong></span> <span class='ocrx_word' id='word_1_59' title='bbox 444 807 487 867; x_wconf 83' lang='grc'><em>34,</em></span> <span class='ocrx_word' id='word_1_60' title='bbox 507 807 542 857; x_wconf 88' lang='grc'><strong><em>19</em></strong></span> <span class='ocrx_word' id='word_1_61' title='bbox 562 804 690 856; x_wconf 86' lang='lat' dir='ltr'><strong><em>notatum</em></strong></span> <span class='ocrx_word' id='word_1_62' title='bbox 709 803 744 856; x_wconf 89' lang='lat' dir='ltr'><strong><em>ab</em></strong></span> <span class='ocrx_word' id='word_1_63' title='bbox 764 803 926 855; x_wconf 85' lang='lat' dir='ltr'><strong><em>auctoribus</em></strong></span> <span class='ocrx_word' id='word_1_64' title='bbox 946 804 975 855; x_wconf 89' lang='lat' dir='ltr'><strong><em>et</em></strong></span> <span class='ocrx_word' id='word_1_65' title='bbox 992 801 1022 856; x_wconf 87' lang='lat' dir='ltr'><strong><em>L.</em></strong></span> <span class='ocrx_word' id='word_1_66' title='bbox 1037 801 1157 855; x_wconf 83' lang='lat' dir='ltr'><strong>Accium</strong></span> 
     </span>
     <span class='ocr_line' id='line_1_9' title="bbox 135 871 1157 942; baseline 0 -16"><span class='ocrx_word' id='word_1_67' title='bbox 135 875 249 941; x_wconf 89' lang='lat' dir='ltr'><strong><em>poetam</em></strong></span> <span class='ocrx_word' id='word_1_68' title='bbox 272 872 302 925; x_wconf 87' lang='lat' dir='ltr'><strong><em>in</em></strong></span> <span class='ocrx_word' id='word_1_69' title='bbox 327 871 511 928; x_wconf 79' lang='lat' dir='ltr'><strong><em>Camenarum</em></strong></span> <span class='ocrx_word' id='word_1_70' title='bbox 535 874 604 927; x_wconf 85' lang='lat' dir='ltr'><strong><em>aede</em></strong></span> <span class='ocrx_word' id='word_1_71' title='bbox 628 873 752 926; x_wconf 86' lang='lat' dir='ltr'><strong><em>maxima</em></strong></span> <span class='ocrx_word' id='word_1_72' title='bbox 775 873 865 926; x_wconf 85' lang='lat' dir='ltr'><strong><em>forma</em></strong></span> <span class='ocrx_word' id='word_1_73' title='bbox 889 875 1012 927; x_wconf 88' lang='lat' dir='ltr'><strong><em>statuam</em></strong></span> <span class='ocrx_word' id='word_1_74' title='bbox 1032 874 1087 926; x_wconf 86' lang='lat' dir='ltr'>sibi</span> <span class='ocrx_word' id='word_1_75' title='bbox 1105 890 1157 942; x_wconf 87' lang='lat' dir='ltr'><strong><em>po·</em></strong></span> 
     </span>
     <span class='ocr_line' id='line_1_10' title="bbox 136 944 1157 1012; baseline 0 -14"><span class='ocrx_word' id='word_1_76' title='bbox 136 945 237 1012; x_wconf 72' lang='lat' dir='ltr'><strong><em>suisne,</em></strong></span> <span class='ocrx_word' id='word_1_77' title='bbox 267 961 330 998; x_wconf 85' lang='lat' dir='ltr'><strong><em>curn</em></strong></span> <span class='ocrx_word' id='word_1_78' title='bbox 353 944 445 998; x_wconf 88' lang='lat' dir='ltr'><strong><em>brevis</em></strong></span> <span class='ocrx_word' id='word_1_79' title='bbox 469 944 621 999; x_wconf 79' lang='lat' dir='ltr'><strong>admodum</strong></span> <span class='ocrx_word' id='word_1_80' title='bbox 645 945 752 998; x_wconf 80' lang='lat' dir='ltr'><strong><em>fuisset.</em></strong></span> <span class='ocrx_word' id='word_1_81' title='bbox 790 946 824 1011; x_wconf 79' lang='lat' dir='ltr'><strong><em>cf.</em></strong></span> <span class='ocrx_word' id='word_1_82' title='bbox 845 945 935 999; x_wconf 88' lang='lat' dir='ltr'><strong><em>Lucil.</em></strong></span> <span class='ocrx_word' id='word_1_83' title='bbox 955 945 990 1010; x_wconf 80' lang='lat' dir='ltr'><strong><em>fr.</em></strong></span> <span class='ocrx_word' id='word_1_84' title='bbox 1007 949 1050 998; x_wconf 84' lang='lat'><strong><em>30.</em></strong></span> <span class='ocrx_word' id='word_1_85' title='bbox 1070 947 1157 999; x_wconf 82' lang='lat' dir='ltr'><strong><em>simn-</em></strong></span> 
     </span>
    </p>
   </div>
   <div class='ocr_carea' id='block_1_5' title="bbox 137 1017 1158 1158">
    <p class='ocr_par' dir='ltr' id='par_1_5' title="bbox 137 1017 1158 1158">
     <span class='ocr_line' id='line_1_11' title="bbox 137 1017 1158 1085; baseline -0.001 -16"><span class='ocrx_word' id='word_1_86' title='bbox 137 1017 243 1070; x_wconf 84' lang='lat' dir='ltr'><strong><em>lacrurn</em></strong></span> <span class='ocrx_word' id='word_1_87' title='bbox 284 1017 421 1085; x_wconf 78' lang='lat' dir='ltr'><strong><em>quoddam</em></strong></span> <span class='ocrx_word' id='word_1_88' title='bbox 463 1019 543 1071; x_wconf 88' lang='lat' dir='ltr'><strong><em>Accii</em></strong></span> <span class='ocrx_word' id='word_1_89' title='bbox 581 1017 701 1071; x_wconf 86' lang='lat' dir='ltr'><strong><em>creditur</em></strong></span> <span class='ocrx_word' id='word_1_90' title='bbox 742 1021 834 1070; x_wconf 84' lang='lat' dir='ltr'><strong><em>entare</em></strong></span> <span class='ocrx_word' id='word_1_91' title='bbox 872 1017 1041 1084; x_wconf 81' lang='lat' dir='ltr'><strong><em>(Barnoulli,</em></strong></span> <span class='ocrx_word' id='word_1_92' title='bbox 1075 1017 1158 1071; x_wconf 75' lang='lat' dir='ltr'><strong><em>aaa.</em></strong></span> 
     </span>
     <span class='ocr_line' id='line_1_12' title="bbox 138 1089 400 1158; baseline -0.004 -16"><span class='ocrx_word' id='word_1_93' title='bbox 138 1089 265 1158; x_wconf 75' lang='lat' dir='ltr'><strong><em>liranoyr.</em></strong></span> <span class='ocrx_word' id='word_1_94' title='bbox 286 1093 312 1153; x_wconf 90' lang='lat'><strong><em>1,</em></strong></span> <span class='ocrx_word' id='word_1_95' title='bbox 325 1090 400 1158; x_wconf 81' lang='lat'><em>289).</em></span> 
     </span>
    </p>
   </div>
   <div class='ocr_carea' id='block_1_6' title="bbox 209 1185 641 1241">
    <p class='ocr_par' dir='ltr' id='par_1_6' title="bbox 209 1185 641 1241">
     <span class='ocr_line' id='line_1_13' title="bbox 209 1185 641 1241; baseline -0.007 -1"><span class='ocrx_word' id='word_1_96' title='bbox 209 1193 223 1240; x_wconf 89' lang='lat'><em>1</em></span> <span class='ocrx_word' id='word_1_97' title='bbox 243 1187 354 1240; x_wconf 83' lang='lat' dir='ltr'><strong><em>Attium</em></strong></span> <span class='ocrx_word' id='word_1_98' title='bbox 372 1187 414 1241; x_wconf 84' lang='lat' dir='ltr'><strong><em>oct</em></strong></span> <span class='ocrx_word' id='word_1_99' title='bbox 432 1185 545 1238; x_wconf 85' lang='lat' dir='ltr'><strong><em>Actium</em></strong></span> <span class='ocrx_word' id='word_1_100' title='bbox 565 1186 641 1240; x_wconf 90' lang='lat' dir='ltr'><strong><em>codd.</em></strong></span> 
     </span>
    </p>
   </div>
   <div class='ocr_carea' id='block_1_7' title="bbox 137 1329 370 1386">
    <p class='ocr_par' dir='ltr' id='par_1_7' title="bbox 137 1329 370 1386">
     <span class='ocr_line' id='line_1_14' title="bbox 137 1329 370 1386; baseline -0.017 0"><span class='ocrx_word' id='word_1_101' title='bbox 137 1329 370 1386; x_wconf 81' lang='lat' dir='ltr'>SCRIPTORUM</span> 
     </span>
    </p>
   </div>
   <div class='ocr_carea' id='block_1_8' title="bbox 132 1425 1160 2141">
    <p class='ocr_par' dir='ltr' id='par_1_8' title="bbox 132 1425 1160 2141">
     <span class='ocr_line' id='line_1_15' title="bbox 208 1425 1160 1494; baseline -0.005 -11"><span class='ocrx_word' id='word_1_102' title='bbox 208 1434 251 1482; x_wconf 79' lang='lat'><strong><em>12.</em></strong></span> <span class='ocrx_word' id='word_1_103' title='bbox 286 1429 351 1482; x_wconf 86' lang='lat' dir='ltr'><strong><em>Vcll.</em></strong></span> <span class='ocrx_word' id='word_1_104' title='bbox 371 1430 433 1482; x_wconf 86' lang='lat' dir='ltr'><strong><em>Pat.</em></strong></span> <span class='ocrx_word' id='word_1_105' title='bbox 454 1433 485 1494; x_wconf 86' lang='lat'><strong><em>1,</em></strong></span> <span class='ocrx_word' id='word_1_106' title='bbox 504 1431 540 1480; x_wconf 87' lang='lat'><strong><em>17</em></strong></span> <span class='ocrx_word' id='word_1_107' title='bbox 544 1432 588 1494; x_wconf 89' lang='grc'><em>,1</em></span> <span class='ocrx_word' id='word_1_108' title='bbox 616 1426 646 1478; x_wconf 91' lang='lat' dir='ltr'><strong><em>in</em></strong></span> <span class='ocrx_word' id='word_1_109' title='bbox 670 1427 755 1480; x_wconf 81' lang='lat' dir='ltr'>Accio</span> <span class='ocrx_word' id='word_1_110' title='bbox 784 1425 913 1494; x_wconf 87' lang='lat' dir='ltr'><strong><em>circaque</em></strong></span> <span class='ocrx_word' id='word_1_111' title='bbox 942 1443 1006 1479; x_wconf 90' lang='lat' dir='ltr'><strong><em>cum</em></strong></span> <span class='ocrx_word' id='word_1_112' title='bbox 1028 1425 1160 1479; x_wconf 86' lang='lat' dir='ltr'><strong><em>Romana</em></strong></span> 
     </span>
     <span class='ocr_line' id='line_1_16' title="bbox 136 1497 1157 1570; baseline -0.006 -16"><span class='ocrx_word' id='word_1_113' title='bbox 136 1500 318 1570; x_wconf 76' lang='lat' dir='ltr'><strong><em>tragoedia</em></strong></span> <span class='ocrx_word' id='word_1_114' title='bbox 338 1501 387 1553; x_wconf 88' lang='lat' dir='ltr'><strong><em>cst.</em></strong></span> <span class='ocrx_word' id='word_1_115' title='bbox 426 1499 463 1552; x_wconf 91' lang='lat' dir='ltr'><strong><em>id.</em></strong></span> <span class='ocrx_word' id='word_1_116' title='bbox 478 1503 505 1563; x_wconf 76' lang='lat'><strong><em>2,</em></strong></span> <span class='ocrx_word' id='word_1_117' title='bbox 520 1504 546 1562; x_wconf 91' lang='lat'><strong><em>9,</em></strong></span> <span class='ocrx_word' id='word_1_118' title='bbox 561 1503 578 1552; x_wconf 91' lang='lat'><em>3</em></span> <span class='ocrx_word' id='word_1_119' title='bbox 598 1498 673 1551; x_wconf 89' lang='lat' dir='ltr'><strong><em>clara</em></strong></span> <span class='ocrx_word' id='word_1_120' title='bbox 692 1499 779 1551; x_wconf 88' lang='lat' dir='ltr'><strong><em>etiam</em></strong></span> <span class='ocrx_word' id='word_1_121' title='bbox 797 1514 849 1566; x_wconf 88' lang='lat' dir='ltr'><strong><em>per</em></strong></span> <span class='ocrx_word' id='word_1_122' title='bbox 864 1498 940 1551; x_wconf 87' lang='lat' dir='ltr'><strong><em>idem</em></strong></span> <span class='ocrx_word' id='word_1_123' title='bbox 955 1497 1017 1550; x_wconf 85' lang='lat' dir='ltr'><strong><em>aevi</em></strong></span> <span class='ocrx_word' id='word_1_124' title='bbox 1031 1497 1157 1565; x_wconf 88' lang='lat' dir='ltr'><strong><em>spatium</em></strong></span> 
     </span>
     <span class='ocr_line' id='line_1_17' title="bbox 136 1568 1159 1640; baseline -0.003 -16"><span class='ocrx_word' id='word_1_125' title='bbox 136 1573 214 1624; x_wconf 86' lang='lat' dir='ltr'><strong><em>tuere</em></strong></span> <span class='ocrx_word' id='word_1_126' title='bbox 237 1570 352 1640; x_wconf 84' lang='lat' dir='ltr'><strong><em>ingenia</em></strong></span> <span class='ocrx_word' id='word_1_127' title='bbox 375 1571 405 1623; x_wconf 89' lang='lat' dir='ltr'><strong><em>in</em></strong></span> <span class='ocrx_word' id='word_1_128' title='bbox 428 1570 534 1639; x_wconf 84' lang='lat' dir='ltr'><strong><em>togatis</em></strong></span> <span class='ocrx_word' id='word_1_129' title='bbox 555 1568 678 1636; x_wconf 86' lang='lat' dir='ltr'><strong><em>Afranii,</em></strong></span> <span class='ocrx_word' id='word_1_130' title='bbox 701 1569 731 1621; x_wconf 92' lang='lat' dir='ltr'><strong><em>in</em></strong></span> <span class='ocrx_word' id='word_1_131' title='bbox 754 1569 908 1639; x_wconf 86' lang='lat' dir='ltr'><strong><em>tragoediis</em></strong></span> <span class='ocrx_word' id='word_1_132' title='bbox 932 1568 1046 1621; x_wconf 87' lang='lat' dir='ltr'><strong><em>Pacuvii</em></strong></span> <span class='ocrx_word' id='word_1_133' title='bbox 1069 1569 1159 1635; x_wconf 86' lang='lat' dir='ltr'><strong><em>utque</em></strong></span> 
     </span>
     <span class='ocr_line' id='line_1_18' title="bbox 136 1640 1157 1711; baseline -0.002 -16"><span class='ocrx_word' id='word_1_134' title='bbox 136 1642 223 1696; x_wconf 91' lang='lat' dir='ltr'><strong><em>Accii.</em></strong></span> <span class='ocrx_word' id='word_1_135' title='bbox 263 1644 317 1696; x_wconf 78' lang='lat' dir='ltr'><strong><em>Cic.</em></strong></span> <span class='ocrx_word' id='word_1_136' title='bbox 341 1658 393 1710; x_wconf 82' lang='lat' dir='ltr'><strong><em>pra</em></strong></span> <span class='ocrx_word' id='word_1_137' title='bbox 420 1643 516 1697; x_wconf 86' lang='lat' dir='ltr'><strong><em>Plana.</em></strong></span> <span class='ocrx_word' id='word_1_138' title='bbox 533 1646 568 1695; x_wconf 83' lang='lat'><strong><em>59</em></strong></span> <span class='ocrx_word' id='word_1_139' title='bbox 593 1641 687 1711; x_wconf 83' lang='lat' dir='ltr'><strong><em>gravis</em></strong></span> <span class='ocrx_word' id='word_1_140' title='bbox 712 1644 740 1694; x_wconf 92' lang='lat' dir='ltr'><strong><em>et</em></strong></span> <span class='ocrx_word' id='word_1_141' title='bbox 763 1641 925 1710; x_wconf 84' lang='lat' dir='ltr'><strong><em>ingeniosus</em></strong></span> <span class='ocrx_word' id='word_1_142' title='bbox 951 1641 1036 1708; x_wconf 82' lang='lat' dir='ltr'><strong><em>poeta</em></strong></span> <span class='ocrx_word' id='word_1_143' title='bbox 1061 1641 1096 1705; x_wconf 72' lang='lat' dir='ltr'><strong><em>ct.</em></strong></span> <span class='ocrx_word' id='word_1_144' title='bbox 1117 1640 1157 1693; x_wconf 90' lang='lat' dir='ltr'><strong><em>id.</em></strong></span> 
     </span>
     <span class='ocr_line' id='line_1_19' title="bbox 132 1713 1160 1784; baseline -0.003 -16"><span class='ocrx_word' id='word_1_145' title='bbox 132 1731 186 1784; x_wconf 75' lang='lat' dir='ltr'><strong><em>pro</em></strong></span> <span class='ocrx_word' id='word_1_146' title='bbox 214 1714 279 1768; x_wconf 77' lang='lat' dir='ltr'><strong><em>Soet.</em></strong></span> <span class='ocrx_word' id='word_1_147' title='bbox 310 1717 371 1766; x_wconf 82' lang='lat'><em>120.</em></span> <span class='ocrx_word' id='word_1_148' title='bbox 423 1720 492 1768; x_wconf 83' lang='lat' dir='ltr'><strong><em>orat.</em></strong></span> <span class='ocrx_word' id='word_1_149' title='bbox 522 1716 566 1766; x_wconf 85' lang='lat'><strong><em>36.</em></strong></span> <span class='ocrx_word' id='word_1_150' title='bbox 617 1713 695 1766; x_wconf 90' lang='lat' dir='ltr'><strong><em>acad.</em></strong></span> <span class='ocrx_word' id='word_1_151' title='bbox 724 1718 754 1778; x_wconf 87' lang='lat'><strong><em>1,</em></strong></span> <span class='ocrx_word' id='word_1_152' title='bbox 774 1717 817 1766; x_wconf 82' lang='grc'><strong><em>19.</em></strong></span> <span class='ocrx_word' id='word_1_153' title='bbox 868 1714 938 1766; x_wconf 85' lang='lat' dir='ltr'><strong><em>Har.</em></strong></span> <span class='ocrx_word' id='word_1_154' title='bbox 965 1729 1004 1779; x_wconf 78' lang='lat' dir='ltr'><strong><em>cp.</em></strong></span> <span class='ocrx_word' id='word_1_155' title='bbox 1027 1715 1160 1777; x_wconf 83' lang='lat'><em>2,1,56</em></span> 
     </span>
     <span class='ocr_line' id='line_1_20' title="bbox 138 1782 1159 1853; baseline -0.005 -14"><span class='ocrx_word' id='word_1_156' title='bbox 138 1785 387 1853; x_wconf 67' lang='lat' dir='ltr'><strong><em>aufertiPaouvius</em></strong></span> <span class='ocrx_word' id='word_1_157' title='bbox 414 1784 490 1838; x_wconf 90' lang='lat' dir='ltr'><strong><em>docti</em></strong></span> <span class='ocrx_word' id='word_1_158' title='bbox 516 1783 622 1836; x_wconf 84' lang='lat' dir='ltr'><strong><em>famam</em></strong></span> <span class='ocrx_word' id='word_1_159' title='bbox 648 1783 735 1849; x_wconf 83' lang='lat' dir='ltr'><strong><em>senis,</em></strong></span> <span class='ocrx_word' id='word_1_160' title='bbox 763 1783 865 1837; x_wconf 88' lang='lat' dir='ltr'><strong><em>Accius</em></strong></span> <span class='ocrx_word' id='word_1_161' title='bbox 890 1782 941 1836; x_wconf 85' lang='lat' dir='ltr'><strong><em>alti</em></strong></span> <span class='ocrx_word' id='word_1_162' title='bbox 965 1784 1090 1837; x_wconf 67' lang='lat' dir='ltr'><strong><em>Panno</em></strong></span> <span class='ocrx_word' id='word_1_163' title='bbox 1119 1783 1159 1836; x_wconf 86' lang='lat' dir='ltr'><strong><em>ad</em></strong></span> 
     </span>
     <span class='ocr_line' id='line_1_21' title="bbox 139 1852 1158 1924; baseline -0.005 -14"><span class='ocrx_word' id='word_1_164' title='bbox 139 1858 212 1912; x_wconf 81' lang='lat' dir='ltr'><strong><em>bunc</em></strong></span> <span class='ocrx_word' id='word_1_165' title='bbox 226 1858 242 1910; x_wconf 86' lang='lat' dir='ltr'><strong><em>l.</em></strong></span> <span class='ocrx_word' id='word_1_166' title='bbox 262 1857 364 1909; x_wconf 83' lang='lat' dir='ltr'><strong><em>Accius</em></strong></span> <span class='ocrx_word' id='word_1_167' title='bbox 383 1856 476 1909; x_wconf 90' lang='lat' dir='ltr'><strong><em>iunior</em></strong></span> <span class='ocrx_word' id='word_1_168' title='bbox 494 1858 580 1924; x_wconf 88' lang='lat' dir='ltr'><strong><em>poeta</em></strong></span> <span class='ocrx_word' id='word_1_169' title='bbox 599 1871 648 1908; x_wconf 84' lang='lat' dir='ltr'><strong><em>suo</em></strong></span> <span class='ocrx_word' id='word_1_170' title='bbox 667 1855 782 1924; x_wconf 84' lang='lat' dir='ltr'><strong><em>ingenio</em></strong></span> <span class='ocrx_word' id='word_1_171' title='bbox 800 1853 969 1923; x_wconf 76' lang='lat' dir='ltr'>praecelluit</span> <span class='ocrx_word' id='word_1_172' title='bbox 982 1852 1158 1922; x_wconf 83' lang='lat' dir='ltr'><strong><em>Euripidem,</em></strong></span> 
     </span>
     <span class='ocr_line' id='line_1_22' title="bbox 137 1925 1156 1996; baseline -0.003 -16"><span class='ocrx_word' id='word_1_173' title='bbox 137 1928 185 1996; x_wconf 91' lang='lat' dir='ltr'><strong><em>qui</em></strong></span> <span class='ocrx_word' id='word_1_174' title='bbox 213 1927 269 1981; x_wconf 85' lang='lat' dir='ltr'><strong><em>fuit</em></strong></span> <span class='ocrx_word' id='word_1_175' title='bbox 292 1927 366 1980; x_wconf 83' lang='lat' dir='ltr'><strong><em>altus</em></strong></span> <span class='ocrx_word' id='word_1_176' title='bbox 390 1930 419 1981; x_wconf 90' lang='lat' dir='ltr'><strong><em>et</em></strong></span> <span class='ocrx_word' id='word_1_177' title='bbox 442 1925 570 1980; x_wconf 90' lang='lat' dir='ltr'><strong><em>sublimis</em></strong></span> <span class='ocrx_word' id='word_1_178' title='bbox 593 1925 716 1994; x_wconf 85' lang='lat' dir='ltr'><strong><em>ingenio.</em></strong></span> <span class='ocrx_word' id='word_1_179' title='bbox 764 1927 834 1980; x_wconf 88' lang='lat' dir='ltr'><strong><em>addc</em></strong></span> <span class='ocrx_word' id='word_1_180' title='bbox 857 1933 913 1980; x_wconf 79' lang='lat' dir='ltr'><strong><em>teet.</em></strong></span> <span class='ocrx_word' id='word_1_181' title='bbox 934 1929 958 1978; x_wconf 88' lang='lat'><strong><em>3.</em></strong></span> <span class='ocrx_word' id='word_1_182' title='bbox 979 1929 1003 1979; x_wconf 87' lang='lat'><strong><em>6.</em></strong></span> <span class='ocrx_word' id='word_1_183' title='bbox 1022 1929 1048 1978; x_wconf 92' lang='grc'><strong><em>8.</em></strong></span> <span class='ocrx_word' id='word_1_184' title='bbox 1069 1929 1156 1978; x_wconf 89' lang='lat'><em>910.</em></span> 
     </span>
     <span class='ocr_line' id='line_1_23' title="bbox 140 1997 1155 2064; baseline -0.006 -10"><span class='ocrx_word' id='word_1_185' title='bbox 140 2000 216 2054; x_wconf 84' lang='lat' dir='ltr'><strong><em>Ouid.</em></strong></span> <span class='ocrx_word' id='word_1_186' title='bbox 246 2017 298 2054; x_wconf 80' lang='lat' dir='ltr'><strong><em>ani.</em></strong></span> <span class='ocrx_word' id='word_1_187' title='bbox 323 2003 482 2064; x_wconf 87' lang='lat'><em>1,15,19.</em></span> <span class='ocrx_word' id='word_1_188' title='bbox 540 1999 643 2052; x_wconf 87' lang='lat' dir='ltr'><strong><em>Vitruv.</em></strong></span> <span class='ocrx_word' id='word_1_189' title='bbox 668 2002 761 2063; x_wconf 88' lang='lat'><em>9,16.</em></span> <span class='ocrx_word' id='word_1_190' title='bbox 812 1999 887 2052; x_wconf 85' lang='lat' dir='ltr'><strong><em>Pers.</em></strong></span> <span class='ocrx_word' id='word_1_191' title='bbox 913 2003 938 2062; x_wconf 88' lang='lat'><strong><em>1,</em></strong></span> <span class='ocrx_word' id='word_1_192' title='bbox 954 2000 998 2050; x_wconf 83' lang='lat'><strong><em>76.</em></strong></span> <span class='ocrx_word' id='word_1_193' title='bbox 1052 1997 1155 2051; x_wconf 84' lang='lat' dir='ltr'><strong><em>Oolnru.</em></strong></span> 
     </span>
     <span class='ocr_line' id='line_1_24' title="bbox 134 2071 774 2141; baseline -0.005 -16"><span class='ocrx_word' id='word_1_194' title='bbox 134 2072 224 2141; x_wconf 77' lang='lat' dir='ltr'><strong><em>praes.</em></strong></span> <span class='ocrx_word' id='word_1_195' title='bbox 240 2076 284 2124; x_wconf 79' lang='grc'><strong><em>91.</em></strong></span> <span class='ocrx_word' id='word_1_196' title='bbox 322 2071 424 2124; x_wconf 82' lang='lat' dir='ltr'><strong><em>Accius</em></strong></span> <span class='ocrx_word' id='word_1_197' title='bbox 441 2071 551 2136; x_wconf 76' lang='lat' dir='ltr'><strong><em>scripsit</em></strong></span> <span class='ocrx_word' id='word_1_198' title='bbox 570 2074 594 2123; x_wconf 89' lang='lat' dir='ltr'><strong><em>ct</em></strong></span> <span class='ocrx_word' id='word_1_199' title='bbox 608 2075 774 2138; x_wconf 74' lang='lat' dir='ltr'><strong><em>praetentae.</em></strong></span> 
     </span>
    </p>
   </div>
   <div class='ocr_carea' id='block_1_9' title="bbox 138 2157 1157 2297">
    <p class='ocr_par' dir='ltr' id='par_1_9' title="bbox 138 2157 1157 2297">
     <span class='ocr_line' id='line_1_25' title="bbox 209 2157 1157 2226; baseline -0.004 -13"><span class='ocrx_word' id='word_1_200' title='bbox 209 2165 250 2213; x_wconf 89' lang='lat'><strong><em>13.</em></strong></span> <span class='ocrx_word' id='word_1_201' title='bbox 273 2157 456 2211; x_wconf 87' lang='lat' dir='ltr'><strong><em>Annalium</em></strong></span> <span class='ocrx_word' id='word_1_202' title='bbox 479 2158 563 2211; x_wconf 81' lang='lat' dir='ltr'><strong><em>libri</em></strong></span> <span class='ocrx_word' id='word_1_203' title='bbox 587 2165 771 2212; x_wconf 82' lang='lat' dir='ltr'><strong><em>nrcuorantru</em></strong></span> <span class='ocrx_word' id='word_1_204' title='bbox 793 2176 812 2212; x_wconf 96' lang='lat' dir='ltr'><strong><em>a</em></strong></span> <span class='ocrx_word' id='word_1_205' title='bbox 834 2157 917 2212; x_wconf 81' lang='lat' dir='ltr'><strong><em>Festo</em></strong></span> <span class='ocrx_word' id='word_1_206' title='bbox 941 2158 1083 2226; x_wconf 59' lang='grc'><em>(51465,</em></span> <span class='ocrx_word' id='word_1_207' title='bbox 1113 2161 1157 2222; x_wconf 87' lang='grc'><em>31,</em></span> 
     </span>
     <span class='ocr_line' id='line_1_26' title="bbox 138 2229 1157 2297; baseline -0.003 -13"><span class='ocrx_word' id='word_1_208' title='bbox 138 2232 188 2285; x_wconf 85' lang='lat' dir='ltr'><strong><em>nbi</em></strong></span> <span class='ocrx_word' id='word_1_209' title='bbox 205 2247 336 2284; x_wconf 84' lang='lat' dir='ltr'><strong><em>nunnus</em></strong></span> <span class='ocrx_word' id='word_1_210' title='bbox 350 2231 479 2284; x_wconf 90' lang='lat' dir='ltr'><em>XXVII</em></span> <span class='ocrx_word' id='word_1_211' title='bbox 498 2230 696 2284; x_wconf 75' lang='lat' dir='ltr'><strong><em>dubitationem</em></strong></span> <span class='ocrx_word' id='word_1_212' title='bbox 716 2234 811 2297; x_wconf 82' lang='lat' dir='ltr'><strong><em>innuet)</em></strong></span> <span class='ocrx_word' id='word_1_213' title='bbox 835 2231 981 2284; x_wconf 81' lang='lat' dir='ltr'><strong><em>Prr&#39;sciano</em></strong></span> <span class='ocrx_word' id='word_1_214' title='bbox 1002 2229 1157 2282; x_wconf 87' lang='lat' dir='ltr'><strong><em>Macrobio.</em></strong></span> 
     </span>
    </p>
   </div>
   <div class='ocr_carea' id='block_1_10' title="bbox 138 2317 1159 2659">
    <p class='ocr_par' dir='ltr' id='par_1_10' title="bbox 138 2317 1159 2659">
     <span class='ocr_line' id='line_1_27' title="bbox 208 2317 1159 2384; baseline -0.002 -13"><span class='ocrx_word' id='word_1_215' title='bbox 208 2324 250 2372; x_wconf 81' lang='grc'><strong><em>14.</em></strong></span> <span class='ocrx_word' id='word_1_216' title='bbox 275 2319 351 2372; x_wconf 90' lang='lat' dir='ltr'><strong><em>Plin.</em></strong></span> <span class='ocrx_word' id='word_1_217' title='bbox 375 2338 402 2371; x_wconf 93' lang='lat' dir='ltr'><strong><em>n.</em></strong></span> <span class='ocrx_word' id='word_1_218' title='bbox 426 2320 518 2384; x_wconf 81' lang='grc'><em>518,</em></span> <span class='ocrx_word' id='word_1_219' title='bbox 544 2322 600 2372; x_wconf 80' lang='grc'><strong><em>209</em></strong></span> <span class='ocrx_word' id='word_1_220' title='bbox 623 2317 725 2371; x_wconf 85' lang='lat' dir='ltr'><strong><em>Accius</em></strong></span> <span class='ocrx_word' id='word_1_221' title='bbox 748 2319 778 2370; x_wconf 93' lang='lat' dir='ltr'><strong><em>in</em></strong></span> <span class='ocrx_word' id='word_1_222' title='bbox 801 2317 985 2370; x_wconf 80' lang='lat' dir='ltr'><strong><em>Praxidica</em></strong></span> <span class='ocrx_word' id='word_1_223' title='bbox 1009 2318 1047 2371; x_wconf 88' lang='lat' dir='ltr'><strong><em>id.</em></strong></span> <span class='ocrx_word' id='word_1_224' title='bbox 1072 2317 1159 2370; x_wconf 78' lang='lat' dir='ltr'><strong><em>iudea</em></strong></span> 
     </span>
     <span class='ocr_line' id='line_1_28' title="bbox 140 2389 1158 2457; baseline -0.005 -12"><span class='ocrx_word' id='word_1_225' title='bbox 140 2391 178 2445; x_wconf 92' lang='lat' dir='ltr'><strong><em>ad</em></strong></span> <span class='ocrx_word' id='word_1_226' title='bbox 201 2392 273 2444; x_wconf 84' lang='lat' dir='ltr'><strong><em>bunc</em></strong></span> <span class='ocrx_word' id='word_1_227' title='bbox 296 2391 313 2444; x_wconf 85' lang='lat' dir='ltr'><strong><em>l.</em></strong></span> <span class='ocrx_word' id='word_1_228' title='bbox 333 2405 367 2442; x_wconf 84' lang='lat' dir='ltr'><strong><em>ex</em></strong></span> <span class='ocrx_word' id='word_1_229' title='bbox 391 2390 476 2442; x_wconf 85' lang='lat' dir='ltr'><strong><em>Accio</em></strong></span> <span class='ocrx_word' id='word_1_230' title='bbox 502 2391 551 2457; x_wconf 88' lang='lat' dir='ltr'><strong><em>qui</em></strong></span> <span class='ocrx_word' id='word_1_231' title='bbox 575 2389 722 2442; x_wconf 80' lang='lat' dir='ltr'><strong><em>Praxidica</em></strong></span> <span class='ocrx_word' id='word_1_232' title='bbox 748 2389 861 2457; x_wconf 78' lang='lat' dir='ltr'><strong><em>scripsit</em></strong></span> <span class='ocrx_word' id='word_1_233' title='bbox 885 2390 917 2443; x_wconf 89' lang='lat' dir='ltr'><strong><em>dc</em></strong></span> <span class='ocrx_word' id='word_1_234' title='bbox 941 2391 1024 2442; x_wconf 74' lang='lat' dir='ltr'><strong><em>astris</em></strong></span> <span class='ocrx_word' id='word_1_235' title='bbox 1049 2389 1158 2442; x_wconf 79' lang='lat' dir='ltr'><strong><em>videtur</em></strong></span> 
     </span>
     <span class='ocr_line' id='line_1_29' title="bbox 140 2460 1158 2528; baseline -0.003 -13"><span class='ocrx_word' id='word_1_236' title='bbox 140 2463 208 2516; x_wconf 84' lang='lat' dir='ltr'><strong><em>liber</em></strong></span> <span class='ocrx_word' id='word_1_237' title='bbox 225 2463 319 2528; x_wconf 80' lang='lat' dir='ltr'><strong><em>fuisse,</em></strong></span> <span class='ocrx_word' id='word_1_238' title='bbox 344 2461 391 2515; x_wconf 85' lang='lat' dir='ltr'><strong><em>scd</em></strong></span> <span class='ocrx_word' id='word_1_239' title='bbox 410 2461 441 2514; x_wconf 89' lang='lat' dir='ltr'><strong><em>dc</em></strong></span> <span class='ocrx_word' id='word_1_240' title='bbox 460 2463 494 2515; x_wconf 89' lang='lat' dir='ltr'><strong><em>L.</em></strong></span> <span class='ocrx_word' id='word_1_241' title='bbox 510 2464 594 2515; x_wconf 89' lang='lat' dir='ltr'><strong><em>Accio</em></strong></span> <span class='ocrx_word' id='word_1_242' title='bbox 614 2467 721 2515; x_wconf 85' lang='lat' dir='ltr'><strong><em>auctore</em></strong></span> <span class='ocrx_word' id='word_1_243' title='bbox 740 2462 876 2515; x_wconf 78' lang='lat' dir='ltr'><strong><em>dictitatis</em></strong></span> <span class='ocrx_word' id='word_1_244' title='bbox 895 2467 939 2514; x_wconf 84' lang='lat' dir='ltr'><strong><em>est.</em></strong></span> <span class='ocrx_word' id='word_1_245' title='bbox 977 2460 1011 2525; x_wconf 79' lang='lat' dir='ltr'><strong><em>cf.</em></strong></span> <span class='ocrx_word' id='word_1_246' title='bbox 1033 2460 1158 2525; x_wconf 70' lang='lat' dir='ltr'><strong><em>drusius,</em></strong></span> 
     </span>
     <span class='ocr_line' id='line_1_30' title="bbox 138 2531 1158 2598; baseline -0.004 -12"><span class='ocrx_word' id='word_1_247' title='bbox 138 2534 236 2587; x_wconf 87' lang='lat' dir='ltr'><strong><em>Pbilol.</em></strong></span> <span class='ocrx_word' id='word_1_248' title='bbox 257 2537 302 2598; x_wconf 87' lang='grc'><strong><em>57,</em></strong></span> <span class='ocrx_word' id='word_1_249' title='bbox 319 2537 379 2587; x_wconf 77' lang='grc'><em>642.</em></span> <span class='ocrx_word' id='word_1_250' title='bbox 422 2533 603 2587; x_wconf 77' lang='lat' dir='ltr'><strong><em>Wilanraurita</em></strong></span> <span class='ocrx_word' id='word_1_251' title='bbox 638 2533 752 2586; x_wconf 83' lang='lat' dir='ltr'><strong><em>Hermes</em></strong></span> <span class='ocrx_word' id='word_1_252' title='bbox 771 2535 814 2597; x_wconf 75' lang='lat'><strong><em>34,</em></strong></span> <span class='ocrx_word' id='word_1_253' title='bbox 830 2536 892 2585; x_wconf 81' lang='lat'><em>637.</em></span> <span class='ocrx_word' id='word_1_254' title='bbox 929 2532 973 2585; x_wconf 81' lang='lat' dir='ltr'><strong><em>liic</em></strong></span> <span class='ocrx_word' id='word_1_255' title='bbox 995 2531 1158 2584; x_wconf 83' lang='lat' dir='ltr'><strong><em>Praxidicia</em></strong></span> 
     </span>
     <span class='ocr_line' id='line_1_31' title="bbox 138 2605 684 2659; baseline -0.004 -1"><span class='ocrx_word' id='word_1_256' title='bbox 138 2606 225 2658; x_wconf 84' lang='lat' dir='ltr'><strong><em>attero</em></strong></span> <span class='ocrx_word' id='word_1_257' title='bbox 243 2606 300 2659; x_wconf 86' lang='lat' dir='ltr'><strong><em>loco</em></strong></span> <span class='ocrx_word' id='word_1_258' title='bbox 318 2605 489 2658; x_wconf 82' lang='lat' dir='ltr'><strong><em>scribendum</em></strong></span> <span class='ocrx_word' id='word_1_259' title='bbox 507 2620 561 2658; x_wconf 82' lang='lat' dir='ltr'><strong><em>esse</em></strong></span> <span class='ocrx_word' id='word_1_260' title='bbox 579 2605 684 2657; x_wconf 73' lang='lat' dir='ltr'><strong><em>coniicit.</em></strong></span> 
     </span>
    </p>
   </div>
   <div class='ocr_carea' id='block_1_11' title="bbox 139 2689 1158 2833">
    <p class='ocr_par' dir='ltr' id='par_1_11' title="bbox 139 2689 1158 2833">
     <span class='ocr_line' id='line_1_32' title="bbox 211 2689 1158 2762; baseline 0 -16"><span class='ocrx_word' id='word_1_261' title='bbox 211 2695 253 2746; x_wconf 88' lang='grc'><strong><em>15,</em></strong></span> <span class='ocrx_word' id='word_1_262' title='bbox 272 2693 446 2762; x_wconf 84' lang='lat' dir='ltr'><strong><em>Parergon</em></strong></span> <span class='ocrx_word' id='word_1_263' title='bbox 464 2689 549 2746; x_wconf 90' lang='lat' dir='ltr'><strong><em>libri</em></strong></span> <span class='ocrx_word' id='word_1_264' title='bbox 567 2693 646 2746; x_wconf 74' lang='lat' dir='ltr'><strong><em>serici</em></strong></span> <span class='ocrx_word' id='word_1_265' title='bbox 664 2710 681 2745; x_wconf 95' lang='lat' dir='ltr'><strong><em>a</em></strong></span> <span class='ocrx_word' id='word_1_266' title='bbox 700 2693 796 2746; x_wconf 88' lang='lat' dir='ltr'><strong><em>Nonio</em></strong></span> <span class='ocrx_word' id='word_1_267' title='bbox 814 2693 852 2760; x_wconf 77' lang='lat' dir='ltr'><strong><em>(p.</em></strong></span> <span class='ocrx_word' id='word_1_268' title='bbox 868 2693 972 2760; x_wconf 87' lang='lat'><em>61,19)</em></span> <span class='ocrx_word' id='word_1_269' title='bbox 995 2692 1158 2758; x_wconf 84' lang='lat' dir='ltr'><strong><em>laudantur,</em></strong></span> 
     </span>
     <span class='ocr_line' id='line_1_33' title="bbox 139 2763 1157 2833; baseline -0.002 -15"><span class='ocrx_word' id='word_1_270' title='bbox 139 2765 171 2818; x_wconf 89' lang='lat' dir='ltr'><strong><em>de</em></strong></span> <span class='ocrx_word' id='word_1_271' title='bbox 181 2767 281 2833; x_wconf 75' lang='lat' dir='ltr'><strong><em>auibus</em></strong></span> <span class='ocrx_word' id='word_1_272' title='bbox 290 2765 424 2818; x_wconf 74' lang='lat' dir='ltr'><strong><em>audanar</em></strong></span> <span class='ocrx_word' id='word_1_273' title='bbox 434 2765 589 2818; x_wconf 86' lang='lat' dir='ltr'><strong><em>coniectura</em></strong></span> <span class='ocrx_word' id='word_1_274' title='bbox 600 2764 741 2818; x_wconf 85' lang='lat' dir='ltr'><strong><em>Ribbcclcii</em></strong></span> <span class='ocrx_word' id='word_1_275' title='bbox 755 2763 807 2817; x_wconf 77' lang='lat' dir='ltr'><strong><em>Ru.</em></strong></span> <span class='ocrx_word' id='word_1_276' title='bbox 820 2765 895 2818; x_wconf 78' lang='lat' dir='ltr'><strong><em>Mna.</em></strong></span> <span class='ocrx_word' id='word_1_277' title='bbox 907 2768 940 2816; x_wconf 84' lang='grc'><strong><em>41</em></strong></span> <span class='ocrx_word' id='word_1_278' title='bbox 953 2765 1048 2833; x_wconf 81' lang='grc'><em>(1886)</em></span> <span class='ocrx_word' id='word_1_279' title='bbox 1056 2780 1085 2831; x_wconf 83' lang='lat' dir='ltr'><strong><em>p.</em></strong></span> <span class='ocrx_word' id='word_1_280' title='bbox 1095 2767 1157 2817; x_wconf 88' lang='lat'><em>631.</em></span> 
     </span>
    </p>
   </div>
   <div class='ocr_carea' id='block_1_12' title="bbox 137 2837 1158 3066">
    <p class='ocr_par' dir='ltr' id='par_1_12' title="bbox 137 2837 1158 3066">
     <span class='ocr_line' id='line_1_34' title="bbox 209 2837 1158 2907; baseline -0.001 0"><span class='ocrx_word' id='word_1_281' title='bbox 209 2837 1158 2907; x_wconf 72' lang='lat' dir='ltr'><strong><em>16.SotadicorunlibrumraaetttoaPnsuanonenoraram</em></strong></span> 
     </span>
     <span class='ocr_line' id='line_1_35' title="bbox 137 2923 1158 2992; baseline -0.002 -13"><span class='ocrx_word' id='word_1_282' title='bbox 137 2927 237 2980; x_wconf 83' lang='lat' dir='ltr'><strong><em>rectius</em></strong></span> <span class='ocrx_word' id='word_1_283' title='bbox 264 2942 282 2978; x_wconf 95' lang='lat' dir='ltr'><strong><em>a</em></strong></span> <span class='ocrx_word' id='word_1_284' title='bbox 310 2925 498 2978; x_wconf 75' lang='lat' dir='ltr'><strong><em>Didascalicis</em></strong></span> <span class='ocrx_word' id='word_1_285' title='bbox 525 2931 621 2979; x_wconf 81' lang='lat' dir='ltr'><strong><em>contra</em></strong></span> <span class='ocrx_word' id='word_1_286' title='bbox 649 2924 812 2978; x_wconf 80' lang='lat' dir='ltr'><strong><em>Lachmann</em></strong></span> <span class='ocrx_word' id='word_1_287' title='bbox 841 2923 899 2992; x_wconf 86' lang='lat' dir='ltr'><strong><em>(Kt.</em></strong></span> <span class='ocrx_word' id='word_1_288' title='bbox 920 2923 1030 2990; x_wconf 74' lang='lat' dir='ltr'><strong><em>Subrisi.</em></strong></span> <span class='ocrx_word' id='word_1_289' title='bbox 1049 2927 1081 2988; x_wconf 74' lang='lat'><strong><em>2,</em></strong></span> <span class='ocrx_word' id='word_1_290' title='bbox 1111 2927 1158 2992; x_wconf 85' lang='lat'><strong><em>69)</em></strong></span> 
     </span>
     <span class='ocr_line' id='line_1_36' title="bbox 139 2997 472 3066; baseline 0 -16"><span class='ocrx_word' id='word_1_291' title='bbox 139 2999 260 3066; x_wconf 76' lang='lat' dir='ltr'><strong><em>aliosque</em></strong></span> <span class='ocrx_word' id='word_1_292' title='bbox 278 2997 472 3064; x_wconf 79' lang='lat' dir='ltr'><strong><em>separabimus.</em></strong></span> 
     </span>
    </p>
   </div>
   <div class='ocr_carea' id='block_1_13' title="bbox 133 3083 1158 3438">
    <p class='ocr_par' dir='ltr' id='par_1_13' title="bbox 133 3083 1158 3438">
     <span class='ocr_line' id='line_1_37' title="bbox 208 3083 1158 3153; baseline -0.003 -14"><span class='ocrx_word' id='word_1_293' title='bbox 208 3091 251 3140; x_wconf 87' lang='lat'><strong><em>17.</em></strong></span> <span class='ocrx_word' id='word_1_294' title='bbox 274 3085 327 3138; x_wconf 86' lang='lat' dir='ltr'><strong><em>Oic.</em></strong></span> <span class='ocrx_word' id='word_1_295' title='bbox 343 3102 397 3153; x_wconf 77' lang='lat' dir='ltr'><strong><em>pra</em></strong></span> <span class='ocrx_word' id='word_1_296' title='bbox 411 3087 493 3139; x_wconf 77' lang='lat' dir='ltr'><strong><em>Arcti.</em></strong></span> <span class='ocrx_word' id='word_1_297' title='bbox 507 3089 545 3139; x_wconf 78' lang='lat'><strong><em>27</em></strong></span> <span class='ocrx_word' id='word_1_298' title='bbox 563 3084 695 3138; x_wconf 90' lang='lat' dir='ltr'><strong><em>Decimus</em></strong></span> <span class='ocrx_word' id='word_1_299' title='bbox 714 3085 829 3152; x_wconf 89' lang='lat' dir='ltr'><strong><em>quidem</em></strong></span> <span class='ocrx_word' id='word_1_300' title='bbox 847 3083 951 3136; x_wconf 84' lang='lat' dir='ltr'><strong><em>Brutus</em></strong></span> <span class='ocrx_word' id='word_1_301' title='bbox 970 3101 1094 3137; x_wconf 86' lang='lat' dir='ltr'><strong><em>summus</em></strong></span> <span class='ocrx_word' id='word_1_302' title='bbox 1114 3084 1158 3136; x_wconf 86' lang='lat' dir='ltr'><strong><em>vir</em></strong></span> 
     </span>
     <span class='ocr_line' id='line_1_38' title="bbox 137 3154 1157 3225; baseline -0.002 -15"><span class='ocrx_word' id='word_1_303' title='bbox 137 3159 166 3211; x_wconf 89' lang='lat' dir='ltr'><strong><em>et</em></strong></span> <span class='ocrx_word' id='word_1_304' title='bbox 191 3157 345 3225; x_wconf 86' lang='lat' dir='ltr'><strong><em>imperator</em></strong></span> <span class='ocrx_word' id='word_1_305' title='bbox 370 3157 438 3210; x_wconf 80' lang='lat' dir='ltr'><strong><em>Acci</em></strong></span> <span class='ocrx_word' id='word_1_306' title='bbox 466 3156 630 3209; x_wconf 86' lang='lat' dir='ltr'><strong><em>amicissimi</em></strong></span> <span class='ocrx_word' id='word_1_307' title='bbox 657 3155 700 3208; x_wconf 90' lang='lat' dir='ltr'><strong><em>sui</em></strong></span> <span class='ocrx_word' id='word_1_308' title='bbox 729 3154 899 3208; x_wconf 87' lang='lat' dir='ltr'><strong><em>carminibus</em></strong></span> <span class='ocrx_word' id='word_1_309' title='bbox 927 3154 1097 3222; x_wconf 85' lang='lat' dir='ltr'><strong><em>templorum</em></strong></span> <span class='ocrx_word' id='word_1_310' title='bbox 1123 3171 1157 3208; x_wconf 86' lang='lat' dir='ltr'><strong><em>ec</em></strong></span> 
     </span>
     <span class='ocr_line' id='line_1_39' title="bbox 138 3227 1156 3281; baseline 0.001 -2"><span class='ocrx_word' id='word_1_311' title='bbox 138 3227 375 3281; x_wconf 84' lang='lat' dir='ltr'><strong><em>monimentorum</em></strong></span> <span class='ocrx_word' id='word_1_312' title='bbox 390 3227 484 3280; x_wconf 88' lang='lat' dir='ltr'><strong><em>aditus</em></strong></span> <span class='ocrx_word' id='word_1_313' title='bbox 499 3227 644 3281; x_wconf 85' lang='lat' dir='ltr'><strong><em>exornavit</em></strong></span> <span class='ocrx_word' id='word_1_314' title='bbox 658 3244 778 3280; x_wconf 91' lang='lat' dir='ltr'><strong><em>suorum.</em></strong></span> <span class='ocrx_word' id='word_1_315' title='bbox 812 3227 898 3281; x_wconf 81' lang='lat' dir='ltr'><strong><em>Schol.</em></strong></span> <span class='ocrx_word' id='word_1_316' title='bbox 914 3227 983 3280; x_wconf 84' lang='lat' dir='ltr'><strong><em>Boo.</em></strong></span> <span class='ocrx_word' id='word_1_317' title='bbox 999 3227 1036 3280; x_wconf 92' lang='lat' dir='ltr'><strong><em>ad</em></strong></span> <span class='ocrx_word' id='word_1_318' title='bbox 1051 3227 1124 3280; x_wconf 84' lang='lat' dir='ltr'><strong><em>bunc</em></strong></span> <span class='ocrx_word' id='word_1_319' title='bbox 1139 3228 1156 3280; x_wconf 88' lang='grc'><strong><em>5.</em></strong></span> 
     </span>
     <span class='ocr_line' id='line_1_40' title="bbox 133 3297 1157 3366; baseline -0.002 -14"><span class='ocrx_word' id='word_1_320' title='bbox 133 3317 163 3366; x_wconf 75' lang='lat' dir='ltr'><strong><em>p.</em></strong></span> <span class='ocrx_word' id='word_1_321' title='bbox 179 3303 233 3352; x_wconf 89' lang='lat'><strong><em>359</em></strong></span> <span class='ocrx_word' id='word_1_322' title='bbox 255 3299 299 3353; x_wconf 85' lang='lat' dir='ltr'><strong><em>Or.</em></strong></span> <span class='ocrx_word' id='word_1_323' title='bbox 328 3298 374 3350; x_wconf 88' lang='lat' dir='ltr'><strong><em>hic</em></strong></span> <span class='ocrx_word' id='word_1_324' title='bbox 398 3298 501 3351; x_wconf 91' lang='lat' dir='ltr'><strong><em>Brutus</em></strong></span> <span class='ocrx_word' id='word_1_325' title='bbox 525 3298 674 3353; x_wconf 81' lang='lat' dir='ltr'><strong><em>Gallaecos</em></strong></span> <span class='ocrx_word' id='word_1_326' title='bbox 703 3298 758 3351; x_wconf 87' lang='lat' dir='ltr'><strong><em>fuit</em></strong></span> <span class='ocrx_word' id='word_1_327' title='bbox 791 3300 975 3366; x_wconf 85' lang='lat' dir='ltr'><strong><em>cognomento</em></strong></span> <span class='ocrx_word' id='word_1_328' title='bbox 1000 3298 1035 3350; x_wconf 92' lang='lat' dir='ltr'><strong><em>ob</em></strong></span> <span class='ocrx_word' id='word_1_329' title='bbox 1058 3313 1102 3350; x_wconf 87' lang='lat' dir='ltr'><strong><em>res</em></strong></span> <span class='ocrx_word' id='word_1_330' title='bbox 1126 3297 1157 3350; x_wconf 88' lang='lat' dir='ltr'><strong><em>in</em></strong></span> 
     </span>
     <span class='ocr_line' id='line_1_41' title="bbox 137 3368 1157 3438; baseline -0.001 -17"><span class='ocrx_word' id='word_1_331' title='bbox 137 3369 276 3437; x_wconf 87' lang='lat' dir='ltr'><strong><em>Hispania</em></strong></span> <span class='ocrx_word' id='word_1_332' title='bbox 294 3386 351 3422; x_wconf 90' lang='lat' dir='ltr'><strong><em>non</em></strong></span> <span class='ocrx_word' id='word_1_333' title='bbox 368 3370 460 3422; x_wconf 89' lang='lat' dir='ltr'><strong><em>minus</em></strong></span> <span class='ocrx_word' id='word_1_334' title='bbox 480 3372 592 3424; x_wconf 90' lang='lat' dir='ltr'><strong><em>strenue</em></strong></span> <span class='ocrx_word' id='word_1_335' title='bbox 611 3388 696 3438; x_wconf 90' lang='lat' dir='ltr'><strong><em>quam</em></strong></span> <span class='ocrx_word' id='word_1_336' title='bbox 714 3369 836 3422; x_wconf 88' lang='lat' dir='ltr'><strong><em>feliciter</em></strong></span> <span class='ocrx_word' id='word_1_337' title='bbox 853 3371 954 3438; x_wconf 83' lang='lat' dir='ltr'><strong><em>gestus.</em></strong></span> <span class='ocrx_word' id='word_1_338' title='bbox 990 3368 1050 3421; x_wconf 86' lang='lat' dir='ltr'><strong><em>eius</em></strong></span> <span class='ocrx_word' id='word_1_339' title='bbox 1070 3368 1157 3422; x_wconf 85' lang='lat' dir='ltr'><strong><em>etiarn</em></strong></span> 
     </span>
    </p>
   </div>
   <div class='ocr_carea' id='block_1_14' title="bbox 137 3438 1156 3650">
    <p class='ocr_par' dir='ltr' id='par_1_14' title="bbox 137 3438 1156 3650">
     <span class='ocr_line' id='line_1_42' title="bbox 137 3438 1156 3512; baseline 0.001 -20"><span class='ocrx_word' id='word_1_340' title='bbox 137 3440 245 3493; x_wconf 89' lang='lat' dir='ltr'><strong><em>nomini</em></strong></span> <span class='ocrx_word' id='word_1_341' title='bbox 256 3439 388 3511; x_wconf 85' lang='lat' dir='ltr'><strong><em>&lt;dicatus</em></strong></span> <span class='ocrx_word' id='word_1_342' title='bbox 398 3440 499 3512; x_wconf 84' lang='lat' dir='ltr'><strong><em>Accii&gt;</em></strong></span> <span class='ocrx_word' id='word_1_343' title='bbox 509 3443 610 3508; x_wconf 86' lang='lat' dir='ltr'><strong><em>poetae</em></strong></span> <span class='ocrx_word' id='word_1_344' title='bbox 625 3441 727 3509; x_wconf 80' lang='lat' dir='ltr'><strong><em>tragici</em></strong></span> <span class='ocrx_word' id='word_1_345' title='bbox 742 3442 820 3493; x_wconf 83' lang='lat' dir='ltr'><strong><em>extat</em></strong></span> <span class='ocrx_word' id='word_1_346' title='bbox 833 3439 913 3504; x_wconf 81' lang='lat' dir='ltr'><strong><em>liber,</em></strong></span> <span class='ocrx_word' id='word_1_347' title='bbox 929 3439 1008 3493; x_wconf 89' lang='lat' dir='ltr'><strong><em>cuius</em></strong></span> <span class='ocrx_word' id='word_1_348' title='bbox 1019 3438 1156 3508; x_wconf 87' lang='lat' dir='ltr'><strong><em>plurimos</em></strong></span> 
     </span>
     <span class='ocr_line' id='line_1_43' title="bbox 138 3509 1155 3580; baseline 0.002 -18"><span class='ocrx_word' id='word_1_349' title='bbox 138 3527 242 3577; x_wconf 71' lang='lat' dir='ltr'><strong><em>versus,</em></strong></span> <span class='ocrx_word' id='word_1_350' title='bbox 261 3527 331 3579; x_wconf 87' lang='lat' dir='ltr'><strong><em>quos</em></strong></span> <span class='ocrx_word' id='word_1_351' title='bbox 351 3513 528 3564; x_wconf 87' lang='lat' dir='ltr'><strong><em>saturnios</em></strong></span> <span class='ocrx_word' id='word_1_352' title='bbox 546 3511 768 3580; x_wconf 79' lang='lat' dir='ltr'><strong><em>appellaverunt,</em></strong></span> <span class='ocrx_word' id='word_1_353' title='bbox 788 3510 926 3564; x_wconf 89' lang='lat' dir='ltr'><strong><em>vestibulo</em></strong></span> <span class='ocrx_word' id='word_1_354' title='bbox 941 3509 1041 3579; x_wconf 87' lang='lat' dir='ltr'><strong><em>templi</em></strong></span> <span class='ocrx_word' id='word_1_355' title='bbox 1056 3510 1155 3564; x_wconf 83' lang='lat' dir='ltr'><strong><em>Martis</em></strong></span> 
     </span>
     <span class='ocr_line' id='line_1_44' title="bbox 139 3580 940 3650; baseline 0.001 -17"><span class='ocrx_word' id='word_1_356' title='bbox 139 3581 336 3650; x_wconf 84' lang='lat' dir='ltr'><strong><em>superscripsit</em></strong></span> <span class='ocrx_word' id='word_1_357' title='bbox 354 3580 465 3635; x_wconf 86' lang='lat' dir='ltr'><strong><em>Brutus.</em></strong></span> <span class='ocrx_word' id='word_1_358' title='bbox 502 3584 606 3636; x_wconf 87' lang='lat' dir='ltr'><strong><em>sinilia</em></strong></span> <span class='ocrx_word' id='word_1_359' title='bbox 629 3583 689 3637; x_wconf 89' lang='lat' dir='ltr'><strong><em>Vat.</em></strong></span> <span class='ocrx_word' id='word_1_360' title='bbox 711 3585 791 3636; x_wconf 84' lang='lat' dir='ltr'><strong><em>Mna.</em></strong></span> <span class='ocrx_word' id='word_1_361' title='bbox 812 3586 897 3648; x_wconf 79' lang='grc'><em>8,11,</em></span> <span class='ocrx_word' id='word_1_362' title='bbox 913 3585 940 3635; x_wconf 73' lang='lat'><strong><em>2.</em></strong></span> 
     </span>
    </p>
   </div>
   <div class='ocr_carea' id='block_1_15' title="bbox 0 0 1272 3908">
    <p class='ocr_par' dir='ltr' id='par_1_15' title="bbox 0 0 1272 3908">
     <span class='ocr_line' id='line_1_45' title="bbox 0 0 1272 3908; baseline 0 0"><span class='ocrx_word' id='word_1_363' title='bbox 0 0 1272 3908; x_wconf 95' lang='lat' dir='ltr'><strong><em> </em></strong></span> 
     </span>
    </p>
   </div>
  </div>
 </body>
</html>
