2460 3900
325 155 355 209 L.
375 153 472 208 Aelius
491 153 571 208 Stilo.
613 152 645 218 Q.
660 153 790 208 Valerius

371 323 415 428 Q.
439 322 746 410 VALERIUS

43 547 157 601 vrrrr
395 473 724 542 irrerrroarr

118 642 143 691 1.
165 636 300 706 Qnmtnm
319 651 488 702 praenomen
507 634 599 689 Gieero
624 635 711 688 Varro
735 635 822 702 (apnol
847 633 975 702 Gelliam)
1001 633 1069 688 Pla-

44 709 158 762 tareltns
181 713 329 772 tertamnr3
353 712 480 760 oenenela
502 722 564 760 oero
587 712 731 760 anotornm
754 707 903 774 appellatio
926 705 1070 760 ‘Valeriae

44 779 182 834 Sororem’
204 785 249 833 eet.
284 780 327 832 ita
344 778 423 832 semel
447 776 535 831 Varro
554 777 587 830 ele
605 779 622 831 l.
643 778 707 831 Lat.
723 779 816 846 primo
835 777 892 831 loeo
910 777 957 843 (fr.
973 779 1009 846 1),
1028 778 1070 831 tie

41 858 142 920 perrea
163 851 285 918 simplici
306 850 416 904 nomine
435 848 600 915 ‘Valeriae'‚
623 849 739 902 attolat
762 848 807 916 (es.
827 849 933 914 Aeliae,
952 849 1070 903 Pareins

45 924 115 990 ete),
135 921 228 976 eadem
246 921 304 987 fere
318 922 450 974 varietate
469 937 525 988 aaa
538 921 569 975 in
583 921 699 974 Aarelio
720 919 810 988 Opillo
828 935 896 974 neae
915 925 953 973 eet
971 920 1016 990 (of.
1032 921 1070 974 aa

47 995 122 1048 laune
140 999 197 1048 teet.
214 998 248 1047 1.

118 1067 146 1118 2.
167 993 320 1120 oie,)·13rne.
337 1059 563 1186 16911708146]
579 1061 655 1130 apud
668 1062 757 1116 socios
773 1064 802 1116 et
815 1061 931 1116 Latinos
945 1064 1069 1118 oratore·

46 1135 142 1190 habiti
155 1135 222 1188 eunt
236 1133 268 1199 Q.
278 1133 390 1187 Vettius
426 1131 549 1187 ettianus
564 1132 701 1200 eMarsiS,
716 1149 800 1201 quem
813 1133 874 1202 ipse
889 1133 1007 1204 cognovi
1022 1157 1068 1201 —3

49 1206 79 1271 Q.
100 1205 135 1260 D.
153 1204 263 1260 Valerii
282 1203 381 1258 Sorani
403 1204 490 1258 vieini
513 1207 542 1258 et
560 1203 709 1258 familiaris
732 1204 801 1272 mei,
826 1222 883 1259 non
900 1207 959 1258 tam
979 1205 1007 1258 in
1028 1206 1069 1260 di·

50 1278 140 1332 cendo
155 1275 337 1331 admirabiles
352 1293 436 1343 quem
451 1275 527 1330 dooti
542 1278 570 1329 et
581 1274 694 1330 Graecis
708 1275 813 1329 litteris
827 1278 856 1330 et
866 1275 982 1330 Latinis.
1009 1293 1070 1330 enm
1121 1277 1126 1288 '

49 1352 102 1404 alii
118 1355 272 1418 oeqnantnr
290 1365 381 1402 omnee
390 1349 502 1416 patriae
516 1349 698 1417 appellatione
713 1348 846 1416 praediti,
867 1348 992 1403 ‘Sorani'
1010 1364 1070 1418 oop-

48 1437 147 1475 nomen
164 1425 291 1485 nonest,
317 1421 389 1488 qnoel
408 1437 427 1472 a
444 1419 552 1473 noeibns
573 1419 713 1474 ‘Latinos‘
734 1425 760 1474 et
779 1420 886 1473 ‘vieini'
907 1421 989 1473 etiam
1007 1435 1070 1474 eon-

49 1493 184 1558 firmatnr.
204 1491 238 1557 ef.
245 1497 389 1560 praeterea
397 1491 459 1556 fri
473 1497 499 1545 et
509 1491 658 1557 (lictoriae,
668 1492 783 1545 Hermes
792 1495 827 1544 41
837 1493 930 1560 (1906)
942 1508 971 1559 p,
981 1494 1070 1560 59eq.‚

50 1581 111 1617 enm
135 1580 189 1632 qno
209 1564 291 1617 etiam
310 1564 446 1616 canentia
467 1561 497 1630 Q.
521 1563 660 1617 Valeriam
680 1562 818 1616 Ciceronis
840 1564 961 1616 oieinnm
979 1580 1070 1633 prant-

51 1637 181 1690 matieum
201 1650 255 1689 ease
274 1633 350 1702 (ibid.
365 1652 395 1703 p.
412 1637 455 1687 65.
489 1633 616 1700 Bittner,
635 1635 754 1688 Porciae
772 1634 890 1688 Liemnt
905 1651 934 1702 p.
951 1637 1023 1704 124).

123 1727 148 1776 3.
166 1725 243 1778 Plnt.
263 1723 359 1790 Pomp.
380 1727 415 1776 10
439 1721 526 1783 Γάιος
552 1723 582 1778 δὲ
597 1719 725 1785 Ὄππιος
750 1721 765 1776 ὁ
791 1719 935 1790 Καίσαρος
962 1721 1071 1790 ἑταῖρος

54 1793 255 1861 ἀπανθρώπως
279 1793 349 1862 anal
371 1793 420 1847 καλ
443 1790 553 1865 Κοίντῳ
574 1791 718 1865 Οὐαλερίῳ
742 1792 903 1864 χρήσασθαι
925 1793 973 1848 τὸν
994 1796 1070 1863 Πομ·

54 1865 145 1932 neiron,
183 1862 368 1933 ἐπιστάμενον
391 1862 457 1934 γάρ,
481 1865 519 1928 ὡς
544 1865 598 1919 ἔστι
623 1862 771 1935 φιλόλογος
793 1864 864 1932 ἀνὴρ
884 1865 933 1918 καλ
951 1867 1071 1934 φιλομα-

54 1935 108 2004 θὴς
131 1937 162 1991 ἐν
187 1933 291 2006 ὀλίγοις
314 1933 328 1988 ὁ
350 1934 511 2004 Οὐαλέριος,
537 1937 574 2000 ὡς
597 1935 672 2006 ἤχθη
695 1935 766 2002 πρὸς
787 1933 887 2002 αὐτόν,
915 1935 1071 1990 ἐπισπασά-

56 2027 137 2075 μενον
170 2007 220 2060 καλ
249 2005 530 2076 συμπεριπατήσαντα
558 2008 607 2062 καλ
633 2004 799 2077 πυθόμενον
828 2002 867 2061 ὧν
897 2007 991 2078 ἔχρῃζε
1023 2008 1072 2062 καλ

56 2076 193 2146 μαθόντα,
216 2076 371 2144 προστάξαι
388 2087 447 2140 τοῖς
465 2076 617 2146 ὑπηρέταις
637 2079 726 2140 εὐθὺς
743 2079 852 2133 ἀνελεῖν
871 2075 1072 2148 ἀπαγαγόντας

56 2149 91 2219 [a.
111 2149 215 2222 672182
233 2151 362 2218 Pompeio
385 2151 417 2203 in
435 2149 533 2204 Sicilia
553 2150 748 2221 propraetore}
776 2150 849 2205 Sero.
870 2151 968 2219 (Dan.)
1001 2153 1070 2205 Aen.

57 2227 79 2286 1,
91 2225 148 2274 277
172 2220 251 2273 urbis
270 2219 348 2273 illius
374 2221 502 2292 [Romae]
526 2238 622 2276 verum
643 2237 745 2275 nomen
765 2237 846 2275 nemo
868 2220 912 2275 vel
933 2219 963 2274 in
984 2221 1071 2276 rearis

57 2291 191 2346 enuntiat.
229 2291 351 2358 denique
378 2291 508 2346 tribunus
531 2292 626 2361 plebei
649 2292 765 2360 quidam
787 2292 917 2345 Valerius
942 2291 1071 2362 Soranus,

58 2364 89 2415 ut
106 2362 147 2416 eit
160 2363 249 2416 Varro
269 2362 399 2416 etmulti
418 2363 476 2430 alii,
495 2364 548 2418 hoo
565 2379 668 2418 nomen
687 2381 770 2417 eurus
786 2364 940 2429 enuntiare,
959 2367 991 2416 ut
1010 2365 1071 2432 qui-

56 2434 118 2488 dem
141 2434 240 2488 dieunt
262 2437 361 2502 raptus
384 2452 402 2487 e
421 2437 520 2489 senatu
539 2435 616 2489 etin
635 2451 745 2489 crucem
763 2435 871 2489 levetur
892 2437 942 2503 eet,
962 2438 994 2488 ut
1014 2435 1072 2504 elii,

57 2507 131 2558 metu
150 2504 282 2580 erpplirii
301 2505 376 2576 fugit
391 2507 420 2560 et
433 2506 464 2560 in
478 2505 576 2560 sieilia
589 2506 804 2575 comprehensus
820 2525 837 2560 a
850 2509 978 2574 praeiere
992 2525 1072 2575 pree-

57 2579 136 2645 eepto
154 2578 268 2632 senatus
288 2577 395 2632 occisus
411 2579 462 2632 est.
495 2579 567 2645 faleo
581 2579 614 2632 de
627 2579 670 2632 leis
684 2579 802 2632 Lentem
815 2579 963 2633 Philoleo
977 2580 1071 2649 (1880)

55 2665 82 2714 p.
98 2653 140 2702 90.
173 2658 207 2715 ot.
231 2650 307 2703 Plnt.
331 2656 432 2718 onaret.
452 2650 487 2703 R.
504 2654 547 2703 61.
585 2651 659 2704 Plin.
684 2668 711 2704 n.
730 2650 756 2702 lt.
777 2653 806 2714 3,
823 2652 867 2704 65.
904 2649 990 2705 Solin.
1007 2656 1031 2717 1,
1046 2655 1071 2705 4.

58 2719 128 2788 Lyd.
139 2722 172 2774 de
184 2737 265 2775 mene.
277 2723 303 2786 4,
314 2723 357 2774 50.
387 2720 529 2776 Oieltorins
538 2721 685 2778 Plntarelri
697 2723 785 2776 laeam
798 2726 867 2776 reete
881 2721 918 2775 ael
934 2722 1073 2776 Valeriam

56 2794 262 2858 promnmtienm
285 2792 404 2858 referem
421 2793 485 2846 ltine
503 2794 561 2846 eine
580 2799 694 2847 aetatem
713 2795 790 2846 intra
808 2795 936 2848 terminas
956 2793 1073 2866 6141140

57 2863 131 2916 eirea
151 2869 176 2916 et
193 2863 298 2934 672182
320 2865 532 2934 circumscripsit
555 2865 632 2932 (ibid.
652 2883 677 2933 p.
695 2866 797 2932 ileo),
824 2880 856 2916 ae
881 2864 910 2933 Q.
934 2865 1074 2919 Valeriam

60 2931 155 2986 Orrom
168 2942 322 3004 praetorem
341 2937 412 2988 anni
430 2934 532 3006 697157
550 2937 608 2990 eins
625 2936 715 3002 filiam
732 2935 819 3001 fnisse
837 2937 958 2990 coniecit.

128 3017 152 3065 4.
180 3013 234 3068 Cio.
263 3014 296 3068 de
318 3030 357 3068 or.
382 3018 412 3080 3,
431 3019 466 3068 43
494 3015 532 3086 [a.
553 3014 651 3084 663191
678 3017 800 3084 loqnitnr
829 3013 956 3086 Grasons]
984 3016 1074 3070 nostri

59 3082 148 3136 minue
161 3085 275 3139 student
294 3084 397 3139 litteris
416 3085 623 3152 quamLetin13
643 3087 738 3139 tamen
754 3085 872 3153 existis,
892 3103 961 3154 quoe
975 3087 1073 3154 nostis,

60 3152 181 3220 urbanis,
206 3157 237 3209 in
262 3156 364 3224 quibus
389 3156 538 3210 minimum
563 3158 607 3210 est
631 3156 803 3224 litterarum,
829 3173 911 3211 nemo
937 3160 980 3211 est
1005 3159 1074 3226 quin

61 3221 292 3281 litteratissimum
311 3229 473 3297 togatorum
492 3228 616 3282 omnium
635 3227 666 3293 Q.
685 3229 829 3282 Valerium
849 3228 985 3283 Serenum
1003 3229 1075 3283 leni·

62 3297 120 3348 tete
134 3298 205 3352 varie
219 3300 304 3366 etque
317 3299 380 3367 ipso
395 3299 451 3353 orie
464 3315 563 3367 preren
577 3301 606 3352 et
620 3316 687 3354 sono
702 3299 786 3353 facile
799 3300 902 3354 vincet.
929 3302 963 3367 ef,
979 3307 1036 3356 teet.
1046 3305 1073 3355 2.

65 3399 290 3460 SCRIPTORUM

129 3487 154 3537 5.
179 3485 254 3540 Plin.
278 3504 304 3540 n.
324 3487 350 3540 le.
369 3487 462 3555 praet.
477 3489 513 3540 33
539 3485 608 3553 quid
634 3485 752 3556 singulis
778 3488 969 3541 contineretur
993 3486 1074 3540 libris

65 3549 129 3606 huie
146 3555 280 3624 epirtutee
298 3556 431 3610 subiunxi
446 3589 488 3610 -.
517 3556 570 3611 hoo
589 3559 654 3610 ente
668 3574 713 3611 me
727 3556 796 3611 feeit
809 3558 840 3610 in
854 3557 957 3610 litteris
971 3557 1075 3610 nostrie
