2442 3902
380 207 390 236 ³
410 207 554 264 Cornelius
572 209 667 279 Nepos
748 189 750 192 Ι
811 207 813 210 ’
983 205 1049 273 409

34 380 114 438 dere
139 368 325 455 Graeciae,
354 379 577 438 sed'omnino
600 378 687 436 rude
711 380 818 452 atque
841 378 1049 437 inchoatum

34 473 145 527 morte
179 469 363 528 Ciceronis
400 467 575 528 relictum.
621 467 685 526 ille
718 469 810 526 euim
842 467 914 524 fuit
945 485 1047 543 unus,

36 561 95 631 qui
127 559 352 634 potuerit-et
381 558 490 616 etiam
518 556 686 615 vdebuerit
717 556 910 614 historiam
940 555 1049 633 digna
1077 572 1090 613 s

35 648 119 705 voce
141 647 394 723 pronuntiare,
418 641 557 722 quippe·
574 647 635 721 qui
658 645 856 704 oratoriam
880 645 1049 720 eloquen-

35 736 121 794 tiam
147 737 273 794 'rudem
302 755 320 794 a
348 731 547 794 maioribus
580 738 763 810 acceptam
794 734 1048 810 perpoliverit,

36 825 303 900 philosophiam
333 828 416 884 aute
444 844 518 882 eum
547 825 764 899 incomptam
792 823 959 882 Latinam
987 841 1050 882 sua

37 914 273 973 conformarit
291 916 464 973 oratione.
499 931 622 988 exque
642 912 780 986 dubito,
798 911 954 971 interitu
973 913 1049 972 eius

36 1005 155 1060 utrum
184 1009 238 1061 res
269 1003 416 1079 publica
446 1022 489 1060 an
520 1001 677 1062 historia
707 1004 821 1079 magis
851 1001 981 1060 doleat.
1008 1020 1092 1061 -ιο

37 1090 194 1168 locuples
237 1110 275 1151 ac
314 1092 438 1150 divina
479 1094 625 1165 natura,
671 1111 737 1166 que
779 1081 1050 1152 maioremfsui

38 1184 179 1253 pareret
198 1182 473 1240 admirationem
495 1179 826 1256 ponderatioraque
846 1198 911 1238 sua
929 1182 1049 1238 essent

38 1268 228 1343 beneficia,
257 1289 371 1345 neque
397 1273 460 1352 uui
490 1271 607 1328 omnia
632 1270 715 1328 dare
738 1287 801 1327 uec
824 1287 947 1328 rursus
976 1269 1049 1326 cui·

39 1378 138 1433 quam
161 1360 279 1419 omnia
302 1360 421 1418 voluit
443 1377 582 1436 negare.

105 1451 196 1512 Aaou.
219 1458 291 1513 aaa.
311 1457 368 1512 cod.
386 1461 449 1511 278
464 1456 607 1511 Cornelius
626 1455 720 1526 Nepos
738 1455 769 1509 in
787 1454 860 1510 libro
880 1457 914 1509 de
937 1455 1051 1510 histori-

41 1528 82 1580 (ἦθ’
101 1529 209 1582 Latinis
238 1529 272 1583 de
299 1529 384 1583 laude
413 1527 565 1582 Ciceronis:
598 1553 645 1582 non
666 1541 770 1590 ignorare
792 1559 819 1567 ·-
837 1542 918 1582 doleat
959 1527 1050 1582 idem:

40 1613 132 1662 locuples
145 1633 172 1639 -
185 1626 273 1664 negare.

107 1713 122 1760 9
142 1707 327 1762 conformavit
345 1709 470 1761 oratioue
484 1707 556 1761 cod:
574 1723 621 1760 cin.
637 1707 792 1776 cheiaqer
870 1713 901 1758 11
922 1705 1052 1774 locuplex

389 1919 573 1974 INCERTAE
593 1918 693 1973 SEDIS

89 2047 137 2100 aa
155 2045 233 2101 libris
252 2045 296 2100 Dc
314 2046 364 2098 iul.
383 2046 451 2099 viris
469 2047 528 2100 aisse
546 2046 629 2100 dubio
647 2045 761 2111 suerunt
779 2043 1002 2113 fr.'10.11.13.,
1022 2048 1054 2100 ise

44 2115 105 2170 horo
114 2118 157 2172 D'e
166 2117 225 2172 vita
236 2117 278 2169 M.
293 2117 369 2170 Tulli
379 2117 432 2171 Oia
443 2119 479 2184 fr.
491 2120 526 2170 12
536 2117 711 2172 verisimilius
720 2123 758 2170 est
766 2117 865 2182 faieee;
875 2117 911 2184 fr,
923 2123 957 2172 14
967 2120 1052 2172 ambi·

44 2188 111 2254 pilae
132 2195 225 2242 coum
248 2206 282 2242 ex
304 2189 440 2256 peculiari
462 2188 531 2242 libro
550 2189 667 2257 petitum
685 2189 722 2241 eit
741 2185 816 2255 (Leo,
841 2189 936 2259 Biopr.
953 2206 982 2258 p.
999 2193 1053 2245 193

44 2258 112 2329 aaa.)
126 2275 163 2312 aa
177 2277 211 2314 ec
219 2261 359 2329 prooemio
378 2259 510 2314 librorum
529 2260 561 2313 dc
578 2260 766 2330 grammaticis
783 2259 873 2326 (Peter
892 2261 908 2314 l.
924 2277 945 2314 c.
956 2277 986 2328 p.
1002 2265 1054 2327 403·

44 2329 74 2394 cf.
91 2332 176 2398 praef.
197 2332 234 2386 cd
252 2330 297 2386 De
315 2331 364 2385 iul.
383 2332 462 2398 oir‚);
489 2348 546 2394 meo
569 2332 673 2384 iudicio
690 2330 762 2384 illud
777 2337 908 2398 praestat.
946 2333 1054 2400 reliqua

44 2401 155 2465 sustula
174 2403 263 2470 operis
277 2404 322 2457 De
339 2403 388 2456 iul.
409 2403 458 2456 uir.
478 2403 687 2457 abdominibus
706 2403 833 2455 litteratis
851 2403 945 2456 alicua
964 2405 1051 2457 omisi.

365 2556 407 2611 10
431 2547 487 2632 [11
511 2553 558 2611 Dc
580 2552 631 2611 iul.
656 2546 724 2631 viu]

104 2677 238 2752 quamvis
254 2681 284 2736 et
297 2677 398 2752 Nepos
414 2678 552 2751 aequales
568 2695 670 2735 omnes
686 2673 875 2752 [Terentium
890 2676 1054 2750 Scipionem

46 2763 223 2836 Africanam,
251 2766 281 2826 0.
300 2759 453 2844 Laelium]
477 2766 569 2824 fuisse
592 2765 694 2824 tradat

108 2865 178 2920 Suet.
198 2867 244 2920 eit.
268 2865 367 2932 Teap.
382 2865 469 2919 2712.
495 2864 542 2918 hic
567 2864 741 2988 [Terentiusss
761 2881 825 2917 eum
850 2864 947 2918 multis
973 2864 1054 2919 nobi-

46 2931 114 2988 libus¹
128 2935 309 2991 familiariter
326 2936 404 3001 vixit,
433 2935 483 2990 sed
500 2937 621 2989 maxime
640 2953 704 2990 cum
744 2936 854 3004 cipione
873 2936 1006 2990 Africano
1025 2939 1054 2990 at

48 3001 71 3057 d.
83 3006 183 3073 laelio,
202 3007 305 3076 quibus
324 3007 410 3061 etiam
430 3007 552 3076 corporis
571 3007 664 3077 gratia
683 3007 849 3061 conciliatus
869 3007 1053 3063 existimatur.

48 3079 113 3142 quod
131 3082 159 3133 ei
176 3079 270 3148 ipsum
289 3078 448 3133 Fenestella
467 3079 561 3148 arguit
584 3078 755 3133 contendens
778 3081 897 3146 utroque
918 3079 1054 3133 maiorem

48 3151 109 3202 natu
126 3150 221 3216 fuisse,
240 3165 342 3213 quamvis
356 3181 383 3189 -
396 3164 476 3204 tradat.

473 3304 514 3358 11
539 3293 610 3378 [12]

53 3465 56 3472 ι
105 3425 203 3504 Nepos
240 3428 361 3484 auctore
399 3427 477 3484 cesto
516 3427 691 3500 competisse
724 3442 755 3484 se
787 3427 832 3484 ait
862 3424 893 3484 Ο.
916 3425 1053 3486 Laelium

50 3515 186 3586 quondam
217 3515 249 3573 in
281 3513 447 3573 Puteolano
479 3513 615 3572 kalendis
646 3513 764 3572 Ma1tiis
797 3514 983 3573 admonitum
1015 3515 1080 3574 ab·

50 3619 140 3678 uxore,
181 3606 345 3681 temperius
386 3605 422 3661 ut
462 3601 668 3674 discumberet,
710 3604 820 3678 petisse
861 3603 898 3661 ab
940 3622 982 3665 ea.
1015 3623 1053 3661 ne
