2442 3902
155 194 222 257 414
303 195 510 249 Grammaticos
529 196 631 250 ecieiis
652 195 842 250 varronianae
860 195 1021 266 fragmenta

154 371 334 440 καταφανῶς
351 363 499 443 χρώμενα·
522 365 565 435 τίς
584 363 639 423 οὐκ
657 361 696 423 διν
710 363 788 425 εἴποι
806 363 854 424 έπλ
872 372 975 442 κῶμον
988 360 1151 442 Ἑλληνικῶς

155 460 341 529 κωμισσᾶτον
363 449 511 532 λέγεσθαι,
534 451 584 512 καλ
607 452 639 514 τὸ
664 452 783 531 κεράσαι
804 461 927 532 μισκῆρε
949 447 1023 514 καθ’
1036 449 1152 533 Ὅμηρον

156 534 222 617 [οά.
240 545 290 610 10,
306 537 386 621 356]
407 537 437 617 ’ἡ
454 533 481 600 δ’
499 533 564 601 αὖτ’
582 539 614 601 έν
628 551 752 621 κρητῆρι
766 542 932 622 μελίφρονα
946 536 1032 604 οἶνον
1045 536 1151 621 ἕμισνε“’
1214 591 1215 608 τ

153 626 203 689 καλ
230 639 348 707 μῆνσαν
377 627 430 708 μέν
457 628 513 708 τῆν
541 631 684 711 τράπεζαν
713 627 772 691 άττὸ
800 640 853 710 τῆς
880 629 913 690 έν
941 630 1018 716 μέσῳ
1046 629 1153 707 θέσεως,

112 742 138 784 τε
152 728 250 797 ττᾶνεμ
268 715 299 778 δὲ
318 718 370 779 τὸν
384 715 474 800 άριον
493 716 533 792 ὡς
550 717 671 780 ἀνιέντα
689 717 744 797 τῆν
758 725 876 781 πεῖναν·
899 719 951 780 τὸν
970 717 1002 780 δὲ
1020 719 1154 797 στέφανον

152 816 289 886 κορῶναν
308 805 367 868 ἀπὸ
385 817 438 886 τῆς
456 812 596 887 κεφαλῆς,
615 805 798 888 ὡςὍμῆρος
818 808 854 886 [Ι
856 811 874 869 λ.
890 814 919 878 7,
932 805 989 889 12]
1008 809 1041 870 τὸ
1059 809 1153 888 κράνος

151 897 248 956 εἴκασέ
261 916 321 956 τιον
336 897 479 982 στεφάνῃ
500 893 523 976 †
536 895 568 958 τὸ
582 894 615 957 δέ
629 903 712 978 καῖρε
728 896 793 980 δέρε
808 896 858 958 καὶ
876 896 979 976 δέντης
998 899 1068 970 τοὺς
1081 895 1152 959 ὀδόν-

150 1008 202 1059 τας
216 983 266 1046 καὶ
280 985 374 1068 λάβρα
387 984 422 1044 τά
431 987 511 1066 χείλη
525 984 584 1048 ἀπὸ
596 995 649 1047 τοῦ
659 988 821 1067 λαμβάνειν
834 986 889 1064 τῆν
898 986 994 1068 βορὰν
1008 980 1048 1047 δι’
1060 985 1153 1048 αὐτῶν.
1214 995 1215 1030 ³

222 1079 255 1145 cf.
281 1078 369 1132 Varro
388 1076 420 1132 δι
439 1077 455 1130 λ.
476 1077 510 1132 L.
527 1081 553 1143 7,
567 1081 613 1131 89.
633 1081 735 1143 5,118.
755 1082 816 1132 105.
837 1081 882 1132 62.
902 1081 961 1132 135.
990 1079 1072 1133 Paul.
1090 1077 1153 1132 Feci.

146 1163 175 1216 μ
190 1151 256 1214 223,
270 1153 295 1202 5.
315 1153 359 1214 41,
374 1151 398 1202 3.
419 1153 464 1214 37,
477 1152 504 1202 2.
533 1149 688 1215 Buecheler,
707 1149 760 1202 Ro.
781 1149 856 1204 Mus.
873 1153 918 1215 56,
937 1153 999 1204 321.

222 1250 255 1299 17
274 1245 305 1299 τὸ
325 1243 357 1300 δὲ
376 1245 468 1312 δέρειν
487 1243 599 1314 καίδερε
619 1247 752 1318 Wyiteob.
772 1244 850 1300 τὸδ’
874 1247 948 1302 ἔδειν
968 1247 1044 1314 ἔδερε
1061 1243 1152 1300 Bacch.

217 1494 314 1569 Quint.
336 1498 364 1562 1,
383 1499 410 1564 6,
426 1498 469 1554 34
502 1498 631 1554 etiamne
658 1495 808 1554 hominem
835 1495 995 1572 appellari,
1027 1497 1094 1572 quie
1118 1494 1153 1554 sii

149 1584 239 1642 humo
267 1588 371 1659 notus,
404 1584 490 1659 quasi
513 1603 583 1643 vero
605 1603 666 1643 non
690 1583 825 1643 omnibus
854 1585 1033 1644 animalibus
1060 1583 1152 1644 eedem

149 1675 247 1750 origo,
280 1678 333 1732 cut
361 1673 408 1731 illi
436 1673 528 1748 primi
558 1675 700 1732 momeles
737 1677 806 1732 ente
840 1693 947 1733 nomen
979 1673 1153 1751 inposuerini

148 1765 246 1822 terrae
271 1781 361 1838 quem
384 1760 465 1821 sibi?

218 1862 252 1927 cf.
268 1861 380 1932 Hypios*
392 1862 518 1927 fabulam
531 1864 588 1916 220
602 1861 778 1928 desinentem
799 1862 883 1915 homo
897 1865 1013 1916 vocetur
1030 1861 1150 1930 quonism

147 1932 283 2070 {1}ququ
295 1931 407 2072 {pietur
420 1947 480 1986 esse
495 1931 587 1986 fectus
603 1933 742 2004 (Bornoys
756 1949 798 2002 op.
807 1937 835 2000 2,
844 1937 909 1988 218.
937 1933 1093 1999 Buecheler,
1105 1932 1150 1987 Βλι

642 2085 663 2142 3

214 2180 310 2256 Quint.
323 2185 351 2249 1,
363 2180 391 2246 5,
405 2183 447 2240 66
461 2181 604 2240 extribus
619 2175 762 2260 [vocibus]
781 2185 900 2240 nostres
918 2182 1024 2257 utique
1042 2181 1150 2258 linguae

146 2289 206 2329 non
216 2272 418 2346 concesserim,
427 2270 562 2350 quemvis
571 2303 612 2312 -
621 2271 813 2329 inveniemur
823 2271 874 2346 qui
882 2269 1061 2346 Lupercalia
1069 2287 1149 2344 eoque

146 2361 201 2418 in's
214 2363 315 2435 peries
330 2361 474 2419 cretionis
489 2378 551 2419 esse
566 2359 748 2420 contendent
766 2359 853 2435 qussi
866 2359 947 2418 luere
961 2379 1016 2435 per
1030 2377 1148 2436 caprum.

217 2459 299 2513 aliter
312 2457 402 2514 Varro
420 2457 454 2513 de
472 2459 488 2514 λ.
509 2459 542 2512 L.
559 2463 585 2525 6,
599 2462 642 2512 13.

641 2612 660 2667 4

213 2706 286 2765 Geel.
310 2708 360 2774 18,
379 2707 443 2772 6,8
480 2705 580 2763 idonei
611 2724 716 2765 vocum
750 2706 941 2781 antiquarum
974 2709 1147 2764 enarratores

143 2795 333 2854 tradiderunt
351 2799 519 2854 matronam
539 2793 650 2854 dictem
668 2797 731 2854 esse
754 2795 882 2871 proprie,
905 2813 983 2871 quse
1006 2795 1039 2854 in
1056 2794 1146 2854 metii·

144 2885 276 2943 monium
305 2903 371 2944 oum
400 2885 465 2943 viro
493 2885 692 2959 convenisset,
723 2883 822 2960 quood
850 2884 881 2942 in
909 2902 944 2943 eo
966 2881 1146 2943 matrimonio

143 2977 286 3049 maneret,
306 2973 397 3032 etiam
417 2973 442 3032 si
461 2972 547 3032 liberi
564 2973 696 3032 nondum
714 2975 780 3032 nati
799 2973 906 3047 forent,
925 2973 1094 3050 dictamque
1109 2971 1146 3029 ite

116 3076 206 3124 cesse
230 3081 248 3121 e
271 3063 376 3122 metris
403 3065 522 3122 nomine
550 3079 609 3120 non
638 3061 745 3138 adepto
773 3062 847 3137 iam,
879 3061 931 3121 sed
961 3080 1029 3121 oum
1052 3059 1146 3138 speci

143 3153 240 3211 omine
263 3171 332 3211 mox
356 3151 548 3227 adipiscendi,
572 3151 649 3209 unde
672 3153 770 3227 ipsum
792 3167 910 3227 quoque
933 3151 1144 3210 matrimonium

142 3239 260 3316 dicitur,
278 3243 406 3300 matrem
425 3244 526 3299 eutem
543 3240 675 3299 familias
694 3240 877 3315 appelleiem
890 3258 953 3299 esse
970 3258 1037 3299 eam
1054 3239 1145 3310 solim,

142 3330 274 3404 quaein
297 3330 400 3388 mariti
426 3347 519 3387 manu
545 3329 755 3404 mancipioque
779 3328 986 3404 eutimius,
1017 3329 1047 3386 in
1071 3329 1144 3386 cuius

142 3416 277 3489 maritus,
300 3435 391 3474 manu
414 3416 622 3492 mancipioque
646 3421 731 3492 essct,
754 3417 896 3492 quoniam
916 3435 976 3476 non
999 3417 1031 3476 in
1053 3415 1143 3476 mem·

102 3521 128 3560 το
142 3502 275 3559 monium
297 3505 425 3575 tentum,
449 3504 500 3562 sed
522 3506 554 3561 in
573 3504 721 3563 familiam
743 3523 863 3581 quoque
886 3505 988 3566 mariti
1008 3509 1038 3565 et
1060 3505 1089 3564 in
1105 3501 1142 3562 ni

142 3585 257 3644 heredis
280 3589 379 3646 locum
401 3591 538 3649 venisset.
