2442 3902
388 170 431 224 M.
451 169 597 224 Terentius
616 169 704 223 Varro
991 165 1054 231 331

40 331 72 384 ur
84 332 141 390 fau.
158 336 186 398 3,
196 335 221 385 5.
255 332 327 387 sere.
344 331 568 402 76661166.
626 336 701 399 resq.
719 329 972 398 6661161664
990 328 1056 396 (oo.

40 403 120 456 Brut.
131 408 182 465 542,
203 406 308 459 Aaron.
319 405 393 473 profe.
399 403 489 458 Bura.
498 403 580 457 XXI
586 407 622 456 16
627 423 637 467 ,·
650 409 720 472 prot.
731 409 783 456 aot.
795 402 874 455 VIII
881 406 915 456 19
919 421 930 466 ,·
944 417 983 469 ep.
992 401 1058 454 XII

40 479 117 542 looq.
133 475 189 544 Ρ.).
218 479 295 543 1766.
310 477 344 543 os.
360 475 448 529 Varro
467 475 502 541 fr.
519 478 561 528 58.
596 474 720 528 Moerob.
736 477 802 539 1,5,
818 477 859 527 14.
894 473 947 526 Cic.
968 473 1000 526 da
1018 489 1056 526 or.

38 548 137 609 2,155.
164 552 228 601 tuso.
240 551 265 613 4,
276 550 301 599 5.
326 546 404 601 acad.
417 549 593 614 66692137.
619 547 657 598 aa
671 546 872 610 Astraeae.
898 545 972 598 Prot.
989 543 1056 598 (loto

40 633 93 670 mo.
104 621 145 670 22
160 619 246 686 (Plio.
261 636 289 671 11.
300 618 325 670 lu.
337 622 363 683 7,
374 621 445 686 112).
475 618 584 672 Aetion.
600 633 623 671 6.
634 617 659 670 lu
670 621 696 680 3,
707 621 749 670 17.
778 616 857 670 Loot.
872 616 898 669 d.
909 617 927 668 r'.
943 619 969 680 5,
980 620 1023 679 14,
1034 619 1058 668 3.

40 688 105 742 turc
120 689 161 742 ud
180 690 207 742 V
221 689 322 744 librum
334 691 380 743 De
392 706 469 744 serm.
486 688 549 742 Lot.
565 690 662 743 collato
676 689 711 754 fr.
724 693 759 743 40
775 687 910 756 pertinere
923 687 1058 741 uideatur.

111 793 127 838 3
148 787 297 856 apponiox.
317 786 385 855 (ixa
401 787 496 854 Vatia.)
516 802 572 839 nou
585 801 684 840 meson
699 786 774 841 codd.
795 787 855 855 (om.
872 785 1058 856 Lupo-Baua

40 874 87 910 em.
108 859 324 914 IFGronovius
394 873 501 924 nosque
516 859 602 912 Vatia.
686 862 718 912 19
739 857 770 910 R.
790 857 855 910 odd.
876 857 961 910 Hertz
980 856 1058 910 aubi-

40 935 118 996 tuns,·
127 931 184 984 sed.
194 931 229 997 os.
242 930 309 985 Gall.
321 933 365 995 17,
374 933 419 995 21,
428 933 463 984 49
545 928 710 998 legaverunt
719 927 888 997 imperatum
897 927 1059 998 Lupo-But.

40 1005 73 1052 29
91 1001 317 1056 remitterent-
333 1001 457 1054 fecerant
473 1000 635 1071 LupaBut.
652 1001 737 1054 Vatia.
793 1005 827 1052 24
847 998 947 1053 cecilio
966 1000 1058 1054 Poro's.

41 1071 140 1126 cecilio
160 1074 424 1144 repausaretur.
444 1071 538 1126 Caelio
558 1072 720 1126 Macrobius

130 1277 176 1332 III.
196 1277 399 1332 VRRBORUM
419 1277 600 1332 ORIGINUM
621 1276 969 1332 EXPLIGATIONUMVE

112 1403 147 1458 de
165 1404 314 1471 disciplina
332 1405 472 1458 uerborum
491 1403 608 1473 rapina
626 1404 703 1471 opud
722 1403 852 1471 6119961166
863 1402 898 1468 os.
909 1402 1059 1468 Woelfflin,

45 1475 124 1528 Aret.
143 1476 164 1541 s.
183 1477 248 1530 Lat.
273 1476 340 1530 Lex.
360 1479 388 1541 8,
402 1479 537 1530 420-40.
558 1478 694 1528 sor-85.
741 1473 890 1539 Steiatlrol,
915 1474 1008 1528 Gesolr.
1032 1473 1058 1527 d.

46 1543 180 1611 Sprortw.
200 1547 310 1616 (Berlr'o
324 1549 407 1614 1891)
428 1551 452 1612 1,
467 1551 562 1614 33166.

47 1684 317 1743 PRAENOMINUM

515 1788 580 1845 323

110 1893 205 1953 Varro
235 1893 383 1969 simplicia
405 1895 438 1952 in
460 1893 552 1952 Italia
579 1895 701 1952 nomina
728 1892 818 1953 fuisse
843 1893 885 1951 ait
909 1894 1060 1953 existima·

53 1979 195 2060 tionisque
214 1979 285 2042 su'ae
304 1985 512 2061 argumentum
530 1982 629 2058 refert,
649 1982 729 2059 quod
743 1982 887 2043 Romulus
905 1984 936 2041 69
948 1984 1060 2043 Remus

51 2069 77 2126 69
105 2071 266 2132 Faustulus
298 2091 393 2148 neque
425 2090 606 2148 praenomen
639 2072 735 2130 ullum
767 2091 863 2149 neque
896 2090 1060 2150 cognomen

51 2156 211 2221 habuerint.
239 2193 284 2203 —
313 2161 463 2221 Romanos
493 2163 592 2220 autem
623 2160 828 2220 arbitrandum
859 2163 904 2219 est
932 2163 1059 2220 maxime

52 2247 84 2304 ub
109 2250 234 2311 Albanis
268 2253 298 2310 et
327 2250 446 2310 Sabinis
478 2250 774 2326 multiplicandorum
806 2251 959 2309 nominum
992 2269 1059 2310 oon·
1088 2272 1100 2313 s

53 2340 233 2400 suetudinem
259 2341 397 2415 traxisse,
427 2341 570 2416 quoniam
599 2340 635 2399 ab
662 2340 725 2400 illis
748 2341 808 2400 orti
836 2343 913 2399 sunt.
960 2342 1060 2399 omnia

54 2431 152 2504 autern,
181 2449 257 2506 quae
280 2429 318 2488 ad
340 2448 433 2488 unum
457 2449 604 2505 quemque
631 2433 766 2488 nostrum
790 2428 989 2488 definiendum
1012 2448 1059 2488 ex·

53 2518 177 2595 cogitata
200 2521 285 2593 sunt,
316 2518 439 2578 eandem
463 2519 524 2577 vim
548 2517 735 2597 significandi
762 2518 891 2578 hominis
914 2518 1059 2577 obtinent.

53 2607 122 2679 quod
141 2607 261 2684 proprie
278 2609 339 2668 tale
354 2607 473 2682 dieitur,
491 2609 546 2666 hoo
561 2607 663 2682 distat,
682 2609 753 2684 quia
768 2625 801 2666 eo
817 2626 889 2686 gens
909 2609 1059 2684 cognosci·

54 2695 106 2771 tur,
128 2698 254 2774 ideoque
277 2698 387 2756 dieitur
410 2696 603 2776 gentilicium.
644 2700 742 2756 uetera
765 2697 868 2757 ordine
891 2697 1100 2773 variantur31o

54 2801 116 2844 uam
151 2787 230 2863 quod
271 2789 467 2863 praeponitur
506 2805 701 2862 praenomen,
743 2785 822 2862 quod
859 2789 928 2863 post
965 2788 1061 2846 fertur

54 2889 217 2953 cognomen,
248 2876 328 2952 quod
350 2876 388 2934 ad
412 2877 560 2950 ultimum,
588 2876 697 2935 dieitur
720 2894 874 2953 agnomen.
901 2907 938 2916 -
964 2878 1059 2955 genti·

54 2960 118 3044 lisia
139 2968 262 3025 1161111116
284 2966 380 3025 Varro
407 2968 496 3041 putat
524 2966 614 3025 fuisse
641 2984 763 3023 numero
788 2981 840 3039 00,
867 2966 1060 3041 praenomina

55 3051 123 3112 61166
136 3055 227 3116 ΧΧΧ.
242 3055 343 3130 pueris
361 3074 421 3113 non
439 3055 522 3132 prius
538 3074 632 3131 quam
649 3058 752 3132 togam
766 3054 884 3113 virilem
903 3058 1060 3130 sumerent,

54 3143 152 3214 puellis
171 3163 231 3204 non
250 3146 320 3203 ante
339 3163 429 3220 quarn
453 3144 598 3205 nuberent
621 3145 815 3221 praenomina
835 3145 950 3220 imponi
968 3146 1059 3205 moris
1076 3166 1100 3206 rs

55 3230 137 3294 9111666
169 3232 203 3303 Q.
228 3233 371 3293 Scaeuola
403 3237 509 3294 auotor
540 3237 592 3294 est.
652 3254 728 3311 quae
762 3234 834 3293 olim
866 3235 1059 3310 praenomina

54 3319 179 3398 fuerunt,
217 3341 295 3382 nuno
331 3325 508 3400 cognomine
544 3326 628 3397 sunt,
664 3327 698 3382 ut
732 3323 890 3383 Postumus
922 3323 1059 3402 Agrippa

55 3406 187 3472 Proculus
210 3411 328 3472 Caesar.

115 3514 175 3566 Ino.
194 3511 227 3565 do
241 3529 381 3580 proeoom¹
402 3514 473 3565 1-3
491 3527 563 3566 uarro
576 3543 603 3550 —
616 3525 741 3566 habuerint.
778 3509 827 3578 qui
846 3509 881 3564 ab
901 3527 933 3564 eo
953 3511 1058 3566 dissen-

55 3579 120 3638 liunt
143 3582 223 3638 aiunt
241 3584 366 3636 matrem.
382 3600 477 3637 eorum
496 3583 583 3637 Reum
601 3582 717 3636 Silvium
740 3585 880 3649 vocatam,
905 3599 987 3635 evum
1006 3583 1058 3636 Sil-
