2442 3902
230 225 232 229 .
298 213 300 219 ,
325 215 329 226 .
347 222 350 226 »
404 185 441 242 Μ.
461 185 607 240 Terentius
624 185 713 240 Varro
1000 185 1064 250 259

69 348 154 412 quarto
179 346 331 416 prudentes
361 345 471 400 differre
498 346 639 400 dixerunt.
675 346 764 400 Verre
792 345 1005 414 disciplinarum
1027 345 1064 400 V:

69 431 120 472 siue
135 436 165 472 eo
182 450 208 458 —
225 432 252 471 ee
273 433 356 472 consur.
393 420 511 488 Aepost.
530 435 583 501 rep.
607 418 700 473 OGK
726 418 752 472 V
767 421 833 483 517,
854 421 893 472 22
919 420 961 471 est
980 417 1066 470 etiem

69 488 190 554 quaedam
212 489 369 549 obscuritas
392 489 421 543 in
442 489 581 542 edverbirs
605 489 726 543 seeundo
744 489 828 543 tertio
848 490 948 557 quarto
967 489 1065 556 quinto

69 563 134 613 sexto
151 564 179 615 et
196 561 349 614 seeundum
367 560 482 614 tertium
501 562 633 629 quertum
650 560 780 628 quintum
799 561 920 625 sextum,
946 562 979 614 ut
996 561 1067 630 pute

70 629 186 686 ‘seeundo
203 630 297 686 foetus
316 634 359 684 est
378 631 485 686 oonsul'
505 633 534 687 et
555 631 718 685 ‘seeundum
737 630 792 684 fuit
807 630 924 685 oonsul’.
944 631 1066 685 seeundo

69 703 148 754 eutem
170 703 205 756 ed
228 703 356 756 ordinem
378 703 513 771 pertinet,
537 703 690 758 seeundum
704 703 747 756 ‘od
764 719 923 770 numerum3
947 704 1066 771 utpute

68 788 122 826 eum
138 773 197 830 dieo
218 774 353 830 ‘seeundo
371 774 525 830 faetusAest
543 773 663 841 oonsul'‚
680 774 811 842 pertinet,
830 776 862 827 ut
882 773 1005 839 dixi-ed
1024 791 1067 828 or·

68 843 161 912 dinem,
183 846 259 913 quod
277 845 367 914 primo
388 845 460 900 elter
477 845 569 900 foetus
589 846 626 899 sit
645 847 674 899 et
693 845 733 898 sic
752 844 825 900 elter
843 846 976 911 secundm
1003 861 1067 899 eum

69 917 148 970 eutem
170 917 302 970 dicimus.
314 918 468 974 seeundum
490 916 588 970 consul
611 917 653 971 vel
676 917 791 970 tertium
810 916 855 970 vel
873 918 1004 984 quartum
1022 915 1067 969 vel

68 985 181 1052 quintum
200 987 245 1042 vel
264 981 386 1054 sedtum,
406 988 606 1042 ed'numerum
625 989 761 1057 pertinet,
780 988 855 1056 quod
874 988 962 1042 sexies
981 987 1067 1043 fuerit

68 1058 158 1112 consul.
190 1059 260 1112 inde
289 1057 384 1114 Cicero
412 1060 451 1113 de·
474 1059 564 1113 Morio
593 1059 633 1112 sie
661 1059 703 1113 eit
729 1059 772 1130 [io
791 1061 848 1114 Pe'e.
867 1060 916 1131 20]
946 1059 1068 1114 ‘sextum

68 1129 171 1199 eonsul’,
188 1131 218 1185 id
238 1132 281 1184 est
300 1131 349 1198 qui
363 1137 411 1184 'sex
425 1130 585 1185 consulatus
599 1132 710 1198 meruit,
729 1132 758 1184 et
774 1131 936 1200 ‘septimum
950 1130 1067 1198 eonsul’‚

68 1201 131 1266 quod
152 1204 193 1256 est
216 1200 321 1270 septies
345 1201 521 1256 consulatum
544 1203 653 1256 memit.
695 1201 748 1256 hoe
771 1201 859 1257 Verre
883 1201 1013 1256 distinxit
1038 1201 1068 1256 in

68 1269 135 1325 libris
151 1289 336 1328 numerorum.
372 1274 407 1340 ef.
427 1274 533 1329 Ritsohl
551 1285 595 1343 op·
609 1278 635 1341 3,
649 1277 711 1328 363.

129 1385 141 1433 1
160 1382 188 1434 ee
206 1379 285 1434 esne
302 1382 386 1435 sem.
407 1381 442 1449 (o
454 1379 531 1436 coos.
546 1367 594 1436 ΑΔ
610 1381 710 1450 soors
730 1383 758 1434 es
776 1381 876 1449 reoque·
894 1379 973 1434 essue
991 1381 1066 1436 coos

69 1455 106 1519 BA
121 1469 208 1523 Nonii
297 1468 407 1536 equod
426 1486 476 1524 om.
495 1471 607 1524 Nooe‘oe
706 1475 721 1522 2
741 1477 767 1524 et
784 1475 799 1522 3
820 1469 913 1539 signif.
933 1471 1007 1524 Neo.
1027 1471 1068 1524 bie

70 1542 81 1590 8
99 1540 125 1591 et
139 1541 194 1594 tres
213 1541 287 1596 Non.
360 1539 497 1610 templum
515 1543 612 1611 Repe'o.
633 1545 706 1596 1646
729 1542 801 1596 Voss.
818 1542 882 1595 Lat.
898 1541 928 1594 F
944 1545 997 1596 112

467 1702 468 1706 ¹
523 1712 589 1768 219

125 1833 141 1890 l.
165 1833 255 1894 VIII.
302 1835 445 1910 vesperi
468 1853 548 1903 ¹non
580 1833 718 1908 videre,
755 1853 842 1910 quos
880 1835 1069 1910 appellent

70 1919 229 1982 lusciosos

127 2029 199 2094 Neo.
220 2047 250 2098 p.
271 2033 334 2095 135,
353 2034 371 2084 9
394 2029 521 2095 leemosi,
547 2029 596 2097 qui
619 2030 655 2086 ed
681 2029 823 2086 lucernam
846 2046 902 2084 non
925 2030 1022 2084 vident
1041 2035 1069 2084 et

71 2098 166 2164 μύωπες
183 2103 318 2155 vocentur
338 2101 483 2172 [vocentur
500 2101 590 2172 codd]
609 2120 626 2155 e
645 2099 766 2155 Graecis.
799 2102 888 2155 Varro
907 2101 1068 2170 discipline-

70 2185 121 2222 rum
136 2170 182 2227 lib.
196 2172 273 2226 VIII:
293 2187 380 2235 vespert
393 2204 420 2212 —
433 2187 545 2226 lusciosos.
569 2173 604 2240 ef.
624 2173 707 2228 Posti.
727 2173 800 2228 Foet.
815 2177 982 2243 p.120,17.
1009 2175 1068 2228 Aet.

71 2239 121 2296 sol.
137 2244 170 2308 fr.
188 2247 232 2298 24.
262 2246 333 2298 Aer.
355 2243 466 2313 01111.-
476 2249 518 2298 10.
548 2244 594 2298 As.
614 2245 687 2298 Phil.
706 2245 742 2311 fr.
757 2249 782 2298 4.
813 2245 880 2300 Geli.
900 2250 925 2310 4,
944 2248 971 2311 2,
992 2250 1032 2298 11.

441 2415 443 2420 ’
465 2417 475 2485 ᾗ
527 2408 593 2472 220

126 2535 161 2594 M.
183 2535 280 2595 Varro
310 2538 342 2594 in
371 2536 456 2596 libris
489 2537 713 2613 disciplinarum
746 2539 865 2612 seripsit
897 2537 1069 2598 observasse

70 2639 122 2680 sese
138 2626 169 2682 in
186 2644 272 2685 versu
291 2625 472 2710 hexametro,
495 2627 575 2701 quod
593 2627 675 2686 omni
693 2627 780 2685 modo
803 2629 923 2702 quintus
944 2629 1069 2703 semipes

70 2711 178 2772 verbum
206 2714 308 2772 finiret
330 2717 360 2773 et
383 2715 462 2790 quod
489 2717 603 2792 priores
628 2717 757 2790 quinque
786 2716 948 2792 semipedes
976 2735 1069 2793 oeque

69 2819 194 2879 magnam
231 2805 293 2863 vim
330 2803 473 2862 heberent
509 2806 540 2862 in
578 2803 732 2863 effioiendo
768 2824 856 2864 versu
893 2808 983 2880 etque
1001 2797 1070 2865 velii

69 2894 233 2962 posteriores
252 2896 374 2969 septem,
392 2893 482 2968 idque
500 2895 598 2968 ipsum
612 2895 728 2952 ratione
743 2893 873 2970 quedem
891 2896 1096 2972 geometricas

68 2976 123 3038 fieri
144 2982 269 3042 disserit.

131 3089 196 3144 dell.
211 3094 258 3156 18,
273 3095 347 3156 15,1
366 3089 397 3143 in
414 3089 506 3160 longis
525 3089 660 3154 versibus,
687 3089 736 3158 qui
755 3089 910 3144 hexametri
927 3093 1070 3156 vocentur,

68 3155 127 3211 item
148 3161 177 3213 in
200 3161 318 3215 senariis
341 3161 599 3216 animadverterunt
625 3161 735 3215 metrici
757 3162 862 3230 primos
882 3162 951 3216 duos
975 3163 1070 3231 pedes,

67 3227 126 3282 item
144 3232 279 3287 extremos
298 3232 368 3287 duos
386 3232 490 3288 hebere
510 3231 634 3301 singulos
653 3249 734 3300 posse
753 3234 876 3303 integros
895 3235 990 3302 portes
1009 3249 1069 3288 ore-

67 3299 151 3370 tioms‚
168 3302 275 3358 medios
294 3303 364 3357 haut
382 3320 514 3371 umquem
533 3320 622 3372 posse,
643 3305 692 3358 sed
711 3305 838 3358 constare
852 3320 898 3359 eos
913 3320 1023 3374 semper
1037 3323 1072 3358 ex

67 3372 148 3426 verbis
166 3377 215 3428 eut
233 3375 331 3428 divisis
350 3378 401 3431 eut
417 3375 513 3431 mixtis
532 3377 617 3444 etque
641 3375 771 3429 confusis.
807 3390 838 3430 M.
857 3377 942 3429 etiem
961 3391 1033 3431 Varro
1046 3391 1071 3430 sn

66 3455 252 3502 ebro—erueris
271 3447 336 3502 saec
341 3448 458 3514 fortasse
467 3447 505 3501 ad
514 3449 640 3516 qoiotom
651 3448 750 3501 tibrum
758 3449 908 3515 pertinent;
918 3448 953 3514 ef.
964 3449 1074 3503 essem

66 3529 103 3582 op.
121 3520 145 3582 3,
163 3521 227 3574 380.
265 3519 410 3586 Maeotide,
438 3519 529 3574 Foco.
557 3519 669 3573 Jahroo.
696 3519 785 3588 suppl.
810 3521 937 3588 3(1860)
957 3536 987 3588 p.
1007 3523 1071 3573 671.

67 3583 243 3646 Kretesetmee·
255 3590 323 3644 ibid.
334 3607 363 3659 p.
380 3594 404 3644 5.
420 3594 518 3659 dorm
536 3605 702 3658 quamquam-
716 3592 803 3644 oertts
820 3589 929 3644 retione
948 3590 1072 3656 quedem

803 3678 855 3731 17*
