2460 3900
295 155 444 225 Epicadus.
483 155 635 210 Cornelius.
673 155 816 226 Vergilius
998 147 1063 220 105

123 317 210 370 Varro
224 317 257 370 de
272 317 288 369 i.
304 317 338 369 L.
354 321 371 370 5
377 358 384 379 ,
399 321 454 380 148
477 315 507 368 in
525 315 586 370 foro
605 316 698 370 lacum
717 315 844 370 Curtium
864 315 991 370 aCurtio
1010 317 1070 371 dic-

53 390 110 438 tum
127 388 248 452 constat,
274 389 303 441 at
324 387 358 440 dc
381 403 414 441 co
437 387 540 456 tticaps
565 387 696 454 historia;
719 403 785 441 nam
810 390 838 441 at
856 386 994 442 Procilius
1013 406 1070 443 non

55 458 125 510 idem
140 458 268 526 prodidit
282 459 357 526 quod
371 458 445 526 Piso,
464 475 516 512 noc
534 460 611 527 quod
625 459 658 526 is,
674 457 818 514 Cornelius
833 458 932 526 †Stilo
948 462 1068 513 secutus.

56 529 207 583 aProcilio
234 529 356 583 rolatum
380 530 427 600 [fr.
449 531 484 601 1].
522 530 587 584 Piso
609 529 641 583 in
665 530 815 584 annalibus
840 531 938 584 scribit
963 532 1011 602 [fr.
1032 531 1069 603 1].

56 614 163 655 Cornelius
180 619 203 656 at
221 615 326 655 Lutatius
344 633 377 641 -
393 617 536 664 appellatum.
570 602 725 657 Cornelium
744 603 796 656 alii
814 601 973 669 Sisennam,
997 602 1069 671 Ept-

58 672 151 726 cadum
163 674 215 727 aiii
228 673 429 740 intellexerimt,
448 675 479 726 bi
491 673 600 742 quidem
615 672 648 726 de
667 674 736 728 libro
756 674 977 742 ‘antiquitatum’
997 675 1069 742 coei-

58 748 140 798 tantes
160 747 227 810 (teet.
249 749 267 797 6
272 763 283 811 ;
310 744 346 810 cf.
365 744 458 810 Peter,
487 745 553 798 ibid.
580 744 782 800 OOLXXVII
800 746 865 798 adn.
882 749 916 812 1).
953 747 1070 812 fortasse

57 817 191 870 tamenin
215 815 313 870 ‘Stilo'
342 815 448 870 ‘Sulla'
474 817 540 870 latet
562 822 643 884 atque
667 816 803 870 ‘secutus’
824 817 887 870 item
910 822 1071 884 cormtptum

58 893 100 950 est,
117 887 262 955 siquidem
279 887 413 941 orationis
431 887 604 941 concinnitas
621 889 676 954 fert
689 893 721 941 ut
734 887 815 941 iacta
831 888 987 942 Uoinelium
1001 889 1071 942 alter

60 961 249 1024 auciensium
269 959 418 1026 metatore
437 959 507 1024 loco,
531 958 575 1012 sit.
595 959 688 1027 itaque
706 960 844 1026 manicam?
861 975 1010 1028 possumus
1035 959 1072 1012 ‘et

64 1027 181 1083 Catulua'
205 1029 406 1084 emendandum
428 1047 482 1084 esse
506 1032 582 1097 (nam
601 1030 634 1084 de
653 1030 768 1083 Iactatio
788 1030 886 1084 Catulo
905 1031 991 1085 altero
1014 1031 1072 1085 loco

62 1101 230 1171 intelleqendo
253 1101 303 1154 ain
326 1101 437 1166 dubito;
455 1101 490 1167 cf.
510 1102 548 1154 ad
566 1101 633 1155 Lut.
652 1101 710 1156 Cat.
726 1118 756 1170 p.
771 1105 835 1167 122,
854 1119 903 1155 nec
919 1119 976 1157 non
995 1102 1073 1170 apud

63 1171 135 1226 Plut.
150 1172 224 1226 Mar.
238 1176 277 1226 25
296 1171 402 1227 Sullam
416 1179 441 1226 et
457 1173 585 1227 Catulum
603 1178 727 1228 auctores
742 1173 825 1226 sinsui
839 1173 957 1241 ailutca),
976 1191 1070 1242 quane-

63 1258 135 1308 quam
158 1243 292 1298 Varronis
309 1260 395 1297 sermo
414 1245 525 1297 minime
543 1243 695 1298 concinnus
713 1260 766 1298 esse
784 1245 856 1298 solet.

402 1463 720 1589 ooaaaalas
769 1519 773 1530 ‚

128 1671 186 1738 quis
211 1671 255 1724 bic
280 1671 421 1726 Cornelius
448 1671 535 1737 fuerit
558 1687 674 1738 prorsus
699 1671 895 1740 incompactum
923 1677 967 1725 est.
1009 1679 1074 1726 cunt

70 1741 109 1806 qui
126 1742 156 1794 L.
171 1742 325 1798 Cornelium
340 1742 485 1797 Sisennam
502 1743 670 1812 intellegant,
689 1743 788 1812 quippe
806 1744 856 1811 qui
869 1743 972 1797 Plauti
989 1744 1072 1799 inter-

69 1827 121 1876 pres
139 1814 234 1880 fuerit,
257 1814 330 1883 qnod
351 1815 455 1881 fabum
477 1819 516 1867 est
534 1813 580 1882 (cf.
595 1813 702 1868 Sisenn.
717 1819 773 1868 test.
789 1816 833 1882 3);
856 1820 922 1868 sunt
939 1814 989 1882 qui
1009 1814 1073 1869 θον-

72 1883 159 1938 nelina
171 1885 292 1940 Bulbum
308 1885 360 1953 (ad.
377 1885 415 1940 ud
427 1885 501 1938 bunc
514 1884 612 1954 infra),
627 1885 659 1939 de
673 1901 727 1952 quo
740 1891 831 1939 tamen
845 1885 939 1939 omnia
953 1886 1074 1951 meeum

72 1959 127 2006 ami
146 1957 191 2024 qai
210 1955 367 2010 Cornelium
389 1956 563 2023 Epicadum,
588 1963 613 2010 et
630 1956 660 2009 lsi
678 1957 786 2025 quidem
804 1957 994 2022 amisimiiius,
1012 1973 1074 2010 cum

73 2031 150 2079 notun
174 2029 384 2098 arammaticum
410 2029 493 2081 buius
519 2027 576 2092 fere
603 2029 701 2082 aetatis
729 2045 746 2081 a
771 2027 893 2082 Varrone
916 2028 1074 2082 denotatum

73 2110 116 2149 esse
129 2105 217 2166 pateat
232 2099 281 2169 (cf.
297 2099 417 2168 Epicad.
433 2105 489 2153 teat.
504 2103 538 2165 4).

408 2223 718 2384 FRAGMENTUM

364 2417 621 2473 COMMENTARH
638 2417 766 2472 NAEVII

129 2535 203 2609 apud
235 2535 384 2594 Naevium
422 2528 528 2612 [FPR
553 2536 596 2593 62
627 2527 680 2612 R]
719 2529 749 2591 ‘a
764 2553 821 2609 que
857 2536 940 2609 prius
977 2535 1076 2609 pariet

73 2620 175 2682 lucusta
200 2624 300 2683 lucum
326 2618 458 2682 bovcm’:
488 2624 518 2680 in
545 2621 675 2683 Cornelii
704 2624 917 2681 commentario
946 2626 1010 2681 orat
1039 2623 1075 2696 ab

75 2708 179 2786 libycis
201 2714 292 2772 lucau.

139 2803 222 2857 Vamo
240 2803 273 2857 de
292 2803 309 2857 ἶ.
324 2803 359 2857 L.
376 2807 405 2868 7,
420 2806 456 2858 39
479 2817 539 2864 apud
557 2815 668 2856 Naevium
688 2833 720 2842 -
740 2818 827 2856 bovem.
858 2801 924 2854 luca
947 2802 997 2856 bos
1022 2801 1077 2854 ele-

73 2870 163 2940 phaus3
186 2891 235 2928 cur
253 2874 294 2927 ita
312 2873 351 2928 sit
369 2873 458 2941 dicta,
482 2873 591 2927 duobus
610 2873 701 2927 modis
720 2873 814 2927 inveni
834 2873 977 2941 scriptam.
1011 2889 1077 2926 nam

74 2943 97 2994 el
112 2958 134 2997 lu
147 2958 242 3000 cornelii
255 2977 289 2985 -
304 2961 367 3000 lucas
385 2947 415 2999 el
432 2945 462 2998 in
476 2944 597 3015 Vergilii
616 2944 716 3016 [fr.1].

135 3030 149 3077 2
167 3024 306 3079 lucustam
325 3026 406 3080 Flos.

416 3250 721 3336 VERGILIUS

137 3417 246 3472 alimsde
273 3425 354 3487 atque
381 3435 416 3472 en
439 3419 562 3474 Varrone
590 3419 664 3472 himo
691 3419 794 3472 Naeuii
824 3419 996 3484 interpretem
1022 3433 1080 3470 non

78 3487 195 3555 novimus,
213 3507 299 3559 neque
317 3489 378 3559 quis
396 3491 442 3544 ille
460 3491 546 3556 fuerit
559 3491 616 3544 dici
625 3497 721 3559 potest.
755 3491 840 3543 aetati
853 3495 944 3542 tamn
960 3489 1081 3542 Cornelii

77 3561 213 3624 somnone
229 3562 393 3616 coniemctuo
410 3562 475 3628 fuit,
489 3561 586 3630 paulo,
605 3568 637 3615 ut
655 3560 771 3626 videtur,
789 3559 890 3614 iunior.
