2444 3902
168 192 235 256 220
317 191 522 246 Grammaticos
542 193 644 246 aetatis
663 192 856 246 varronianae
875 191 1035 262 fragmenta

442 405 490 458 Da
509 404 705 460 COMOEDIIS
723 405 916 460 PLAUTINIS

226 531 826 601 inhocletroeadleaaadriaoramrelipioso
835 531 1175 602 rationcagebatundcper-

169 602 260 656 mauis
279 602 495 669 adulteratque
514 602 612 656 Plauti
630 602 782 669 comoediis,
799 609 832 657 at
849 604 880 656 ia
895 603 974 657 tetris
987 603 1176 658 Plautinum

169 674 358 741 quaestionum
371 673 404 727 dc
413 673 492 727 rabac
505 675 699 743 promumtieis.
714 674 749 740 ef.
760 673 876 740 ainau,
891 675 1004 743 Parere.
1011 693 1041 744 p.
1053 676 1176 728 73-245.

169 745 234 811 Leo,
249 745 292 799 Pl.
307 745 343 799 F.
354 749 478 813 p.17aq.,
493 747 570 812 33aq.
586 744 677 812 Paeti,
691 745 827 799 Plautiae
842 746 978 812 (Eatratto
993 745 1068 816 degli
1081 744 1177 799 Annali

169 815 241 870 della
259 815 360 870 Βαιοῑα
378 816 510 870 Narmale
527 817 667 884 superiore
685 816 716 870 di
734 817 804 870 Pasa
823 819 913 885 1891).

661 985 703 1042 88

235 1099 283 1158 lib.
303 1099 330 1156 Ι.
377 1118 480 1158 verum
503 1117 565 1159 esse
589 1101 754 1174 comperior
784 1131 826 1140 -
855 1119 915 1157 non
937 1099 1089 1158 indicibus
1112 1099 1178 1156 Aelii

168 1205 222 1247 nec
241 1187 368 1265 Sedigiti
391 1207 444 1247 nec
468 1186 586 1246 Claudii
609 1206 663 1246 nec
680 1188 796 1247 Aurelii
819 1207 874 1248 neo
891 1187 976 1246 Accii
998 1207 1053 1248 nec
1072 1187 1179 1246 Manilii

169 1294 258 1353 super
284 1277 330 1335 his
361 1276 484 1352 fabulis,
518 1295 593 1352 quae
624 1277 763 1335 dicuntur
793 1277 965 1354 ambiguae,
998 1277 1178 1348 crediturum,

169 1365 221 1425 scd
238 1367 299 1442 ipsi
317 1365 425 1425 Plauto
443 1366 633 1442 moribusque
652 1367 754 1444 ingeni
773 1373 864 1442 atquc
883 1366 1004 1443 linguae
1024 1367 1098 1426 eius.
1134 1365 1178 1422 hac

142 1456 249 1513 sanim
267 1455 371 1514 iudicii
388 1474 493 1513 norma
507 1455 671 1514 Varronem
691 1473 809 1531 quoque
828 1472 913 1514 usum
933 1455 1078 1515 videmus.
1121 1473 1178 1513 nan

169 1548 288 1619 praeter
309 1543 378 1602 illas
402 1563 491 1602 unam
516 1547 546 1602 ct
568 1545 687 1620 viginti,
712 1563 787 1620 quae
806 1544 1012 1603 varronianae
1037 1547 1179 1616 vocantu,

170 1651 244 1708 quas
271 1632 381 1691 idcirco
406 1635 552 1692 acetaria
580 1634 763 1710 segregavit,
793 1635 936 1709 quoniam
963 1632 1108 1692 dubiosae
1131 1651 1177 1690 nor

169 1725 264 1797 erant,
287 1725 333 1780 set
351 1740 493 1781 consensu
517 1723 649 1781 omnium
667 1722 769 1781 Plauti
791 1740 854 1781 asse
873 1721 1080 1797 censebantur,
1104 1738 1178 1798 qnas-
1217 1775 1218 1780 ,

169 1811 238 1870 dam
251 1812 325 1869 item
340 1811 415 1870 alias
428 1810 569 1887 probavit
584 1811 730 1870 adductus
745 1810 796 1870 filo
811 1814 902 1888 atque
915 1812 1027 1870 facetia
1045 1811 1178 1872 sermonis

129 1919 155 1958 ro
168 1900 276 1960 Plauto
291 1901 480 1978 congruentis
500 1919 608 1975 easque
622 1902 683 1958 iam
697 1899 867 1959 nominibus
883 1900 1009 1958 aliorum
1029 1903 1179 1976 occupatas

168 1989 277 2049 Plauto
296 1989 470 2063 vindicavit,
493 1989 582 2048 sicuti
600 1990 691 2048 istam
710 2009 800 2066 quam
818 1990 987 2065 nuperrime
1005 1990 1179 2068 legebamus

169 2080 218 2137 cui
240 2082 286 2138 est
308 2097 415 2138 nomen
438 2079 571 2138 Boeotia.
618 2097 687 2136 nam
711 2097 779 2136 cum
802 2080 834 2136 in
857 2079 919 2136 illis
941 2097 1002 2136 una
1026 2083 1057 2138 ct
1080 2077 1179 2156 viginti

168 2186 228 2226 non
256 2169 297 2226 sit
319 2171 350 2226 et
377 2187 438 2228 esse
462 2168 567 2244 Aquili
594 2167 720 2242 dicatur,
749 2167 826 2225 nihil
853 2171 954 2226 tamen
977 2166 1076 2228 Varro
1104 2165 1179 2224 dnbi-

168 2257 256 2331 tavit,
275 2257 350 2332 quin
361 2256 463 2316 Plauti
482 2257 560 2315 foret
575 2289 625 2313 —.
663 2256 701 2313 M.
718 2255 813 2315 Varro
829 2256 862 2312 in
880 2255 957 2314 libro
971 2257 1007 2314 de
1027 2255 1178 2317 comoediis

129 2363 154 2403 rs
169 2345 316 2405 Plautinis
336 2347 433 2422 primo
451 2345 534 2404 Accii
553 2346 644 2404 verba
662 2345 736 2404 haec
753 2345 840 2420 ponit
863 2338 914 2423 [fr.
937 2342 1005 2420 191:
1031 2341 1114 2404 ‘nam
1135 2360 1179 2402 nec

170 2433 304 2494 Geminei
327 2434 446 2493 lenones
469 2453 523 2493 nec
547 2433 731 2509 Condalium,
755 2452 809 2492 nec
832 2433 933 2493 Plauti
956 2435 1041 2494 Anus
1063 2455 1119 2494 nec
1136 2433 1178 2491 Bis
1215 2445 1216 2474 l

169 2540 336 2599 compressa
359 2542 413 2581 neo
435 2523 561 2582 Boeotia
578 2533 721 2599 umquam
739 2523 806 2597 fuit,
829 2542 925 2600 neque
945 2524 1018 2582 adeo
1036 2525 1179 2602 Agroecus
1215 2485 1216 2565 l

169 2631 264 2687 neque
288 2611 521 2672 Commorientes
544 2612 639 2672 Macci
663 2607 745 2670 Titi'.

235 2703 268 2760 in
283 2701 385 2760 eodem
404 2700 480 2760 libro
495 2701 639 2760 Varronis
653 2701 685 2760 id
699 2719 817 2778 quoque
831 2703 973 2777 seriptum
991 2704 1020 2760 et
1034 2701 1178 2761 Plautium

129 2810 155 2850 ro
169 2792 260 2850 fuisse
284 2789 454 2866 quampiam
477 2793 597 2867 poetam
625 2789 851 2849 comoediarum.
899 2792 1040 2866 quoniam
1067 2789 1179 2851 fabulae
1214 2805 1215 2885 p

169 2875 263 2958 <eae>
277 2879 379 2938 Plauti
393 2881 556 2955 inscriptae
570 2881 677 2954 forent,
694 2884 830 2954 acceptas
845 2898 907 2938 esse
923 2880 1008 2954 quasi
1021 2879 1177 2948 Plautinas,

170 2988 237 3028 cum
251 2972 349 3028 essent
362 2987 422 3026 non
437 2968 577 3028 aPlauto
587 2968 755 3043 Plautinae,
770 2969 820 3027 sed
836 2968 985 3028 aPlautio
999 2968 1177 3028 Plautianae.

237 3059 375 3118 feruntur
397 3060 497 3117 autem
521 3056 574 3116 sub
598 3057 702 3118 Plauti
724 3060 843 3116 nomine
871 3057 1040 3117 comoediae
1069 3059 1177 3118 circiter
1213 3135 1214 3140 η

148 3157 150 3162 ’
170 3151 288 3207 centum
298 3149 389 3222 atque
398 3147 597 3222 triginta3sed
605 3147 694 3205 horno
704 3146 922 3206 eruditissimus
932 3145 964 3206 L.
975 3146 1079 3206 Aelius
1093 3137 1176 3227 [sal]
1213 3143 1214 3203 l

130 3256 155 3296 rs
171 3239 301 3313 quinque
317 3240 346 3296 et
360 3236 469 3312 viginti
489 3238 552 3295 eius
567 3255 629 3296 esse
646 3235 725 3295 solas
744 3237 934 3296 existimavit.
971 3254 1067 3311 neque
1086 3239 1175 3296 umen

170 3325 292 3385 dubium
312 3329 365 3400 est,
384 3327 458 3401 quin
475 3326 578 3398 istaec,
599 3343 675 3400 quae
695 3327 823 3400 scriptae
843 3345 861 3382 a
879 3324 988 3384 Plauto
1007 3344 1067 3384 non
1084 3325 1175 3384 viden·

168 3419 220 3473 tnr
243 3419 273 3474 et
295 3414 409 3472 nomini
433 3415 495 3473 eius
519 3414 707 3488 addicuntur,
737 3417 870 3472 veterum
896 3417 1053 3490 poctarum
1075 3414 1177 3474 fuemt

170 3506 201 3561 et
232 3503 269 3560 ab
303 3521 337 3561 eo
369 3505 548 3562 retractatae
580 3498 653 3581 (ct)
685 3503 833 3579 expolitae
870 3503 931 3563 sint
963 3522 997 3563 ac
1028 3509 1176 3580 propterea

169 3592 315 3666 resipiant
338 3591 439 3648 stilum
462 3591 643 3650 Plautinum.
686 3592 737 3651 sed
760 3592 838 3651 enim
863 3593 1052 3652 Saturionem
1075 3599 1106 3653 et
1127 3589 1176 3652 Ad·
