2442 3902
493 166 522 220 L.
543 165 654 220 Cincius
1018 166 1086 231 375

529 337 550 393 8
589 338 610 394 3

136 441 253 502 Cincius
281 461 413 501 mensem
443 328 590 521 [Maiuml
610 332 807 501 lnominatum
833 445 922 518 putat
950 463 968 502 a
994 443 1086 515 Maia,

70 550 160 606 quam
181 532 312 590 Vulcani
339 531 413 590 dicit
436 550 567 606 uxorem,
597 535 830 609 argumentoque
859 533 977 607 nititur,
1006 535 1086 609 quod

68 620 175 679 flamen
203 620 379 680 Vulcanalis
412 620 548 679 kalendis
580 621 668 680 Maiis
700 620 770 679 huic
801 621 873 679 deae
909 640 973 680 rem
1010 623 1085 680 divi·

68 729 138 767 nam
162 710 241 770 facit.
857 721 861 731 '

113 818 116 826 '
140 809 415 875 Macrob.1‚12,18
434 820 524 862 cuorus
539 839 571 848 -
587 822 647 862 rasis
681 808 730 862 sed
752 807 817 862 Piso
841 809 889 879 [fr.
904 809 994 880 42P.]
1017 827 1084 863 uxo-

67 895 125 932 rem
145 879 264 933 Vulcani
294 879 443 932 Maiestam
474 896 531 933 non
558 879 664 932 Maiam
692 879 763 934 dicit
790 880 892 934 vocari.
939 882 972 948 cs.
1002 881 1083 936 Fulc.

65 951 158 1015 Notsl.
176 953 212 1019 fr.
227 956 252 1006 1.

140 1059 243 1112 tinais
263 1058 355 1112 Paris.
375 1056 465 1110 maias
485 1058 583 1112 chb.

527 1211 546 1267 9
587 1212 607 1267 4

133 1315 238 1375 Iunius
252 1315 367 1376 Maium
382 1317 517 1391 sequitur
532 1203 749 1375 —lntiminatus
764 1348 807 1390 —,
822 1319 856 1373 ut
872 1315 990 1376 Cincius
1005 1317 1083 1375 arbi·
1106 1317 1111 1324 ’

69 1405 173 1478 tratur,
197 1405 278 1481 quod
297 1405 441 1463 Iunonius
466 1406 544 1481 apud
564 1404 688 1464 Latinos
712 1408 781 1464 ante
805 1407 954 1464 vocitatus
973 1405 1083 1481 diuque

70 1494 308 1642 ρὲιὲρηεΑρίίρὶοοο
331 1493 598 1570 Praenestinosque
626 1495 682 1552 hac
710 1495 911 1571 appellatione
934 1496 967 1553 in
990 1496 1082 1554 fastos

139 1682 263 1737 Macrob.
277 1686 496 1748 1,12,3010ua
505 1697 624 1736 -relasus
634 1696 669 1736 ut.
697 1683 731 1748 cf.
744 1683 827 1736 Paul.
838 1682 910 1737 Fert.
921 1700 952 1751 p.
966 1687 1029 1749 103,
1039 1688 1082 1737 14.

69 1753 148 1808 Fcis.
167 1755 261 1808 Nubel.
279 1755 315 1821 fr.
331 1759 355 1808 1.

516 1908 557 1963 ιο
582 1898 630 1984 [5]

133 2012 258 2090 Κίγκιος
286 2010 318 2072 ἐν
347 2013 386 2094 τῷ
411 2009 478 2092 περὶ
508 2019 566 2070 τῶν
594 2009 702 2089 ἑορτῶν
730 2007 804 2090 λέγει
831 2008 882 2070 τὸν
911 2008 1082 2090 Νοεμβριον

69 2099 147 2178 παρὰ
169 2105 231 2172 τοῖς
249 2105 385 2172 παλαιοῖς
404 2100 601 2179 Μεροηδῖνον
620 2096 828 2178 ὀνομασθῆναι
847 2096 953 2160 ὡσανεὶ
974 2106 1081 2177 μισθο-

71 2188 178 2267 φόρον·
203 2188 235 2250 ἒν
254 2187 332 2272 αὐτῷ
352 2187 408 2269 γὰρ
431 2194 492 2260 τοῖς
515 2188 671 2266 reciprocatu
695 2188 727 2248 οἱ
737 2187 893 2264 μισθωτοὶ
915 2187 968 2261 τὰς
990 2208 1081 2269 προσ-

72 2275 157 2350 όδους
184 2276 337 2358 εἰσέφερον
366 2287 420 2338 τοῦ
450 2277 652 2356 παρελθόντος
680 2277 791 2337 κύκλου
818 2275 924 2356 ἑτέρων
959 2286 1081 2356 καρπῶν

71 2357 158 2439 αὖθις
188 2365 397 2447 ἐπερχομένων.
444 2365 614 2446 Νοέμβριος
629 2363 675 2426 ’δὲ
703 2365 826 2446 ὕστερον
856 2363 1020 2444 ὠνομάσθη
1048 2365 1107 2431 ἕνα

70 2464 120 2516 τοῦ
142 2455 288 2535 ἀριθμοῦ·
313 2455 433 2528 ἔννατος
456 2455 511 2536 γὰρ
534 2455 566 2516 ἐκ
589 2465 642 2516 τοῦ
665 2457 815 2534 Μαρτίου.

137 2557 209 2627 [lyd.
225 2557 257 2610 de
270 2573 351 2610 teletis.
364 2560 437 2621 4,92
456 2564 586 2619 Κίγκιος-
598 2564 716 2624 Μαρτίου.
749 2555 784 2621 bf.
801 2556 882 2610 Fulc.
898 2556 991 2609 ΝΟΜ.
1008 2556 1044 2622 fr.
1056 2562 1080 2610 1.

431 2786 717 2842 MYSTAGOGICON

464 2942 504 2998 11
536 2931 583 3017 [p.
602 2933 681 3018 νοο]

132 3047 178 3105 lit.
199 3046 245 3104 Π.
290 3047 429 3104 trientem
453 3047 576 3104 tertium
599 3046 698 3121 pondo
722 3064 862 3104 coronam
885 3065 1007 3106 auream
1030 3047 1079 3106 de·

69 3133 143 3194 disse
166 3154 197 3194 se
220 3135 287 3193 Iovi
310 3135 421 3193 donum
443 3134 563 3209 scripsit
587 3135 619 3192 Τ.
645 3132 785 3202 Quintius
809 3130 989 3212 dict<ator>‚
1013 3154 1079 3194 cum
1168 3203 1172 3213 Ι

69 3241 238 3296 pernoram
252 3223 314 3283 dies
328 3223 453 3282 totidem
467 3223 554 3282 urbes
570 3226 600 3281 et
613 3223 759 3282 decimam
772 3223 931 3282 Praeneste
945 3224 1078 3305 cepisset.

69 3310 97 3368 id
119 3312 284 3390 significare
304 3314 348 3371 ait
367 3311 485 3371 (lincius
507 3315 540 3370 in
560 3314 788 3390 mystagogicon
806 3313 824 3370 l.
839 3313 871 3370 ΙΙ
885 3311 963 3372 'duas
986 3313 1079 3373 libras

69 3401 162 3474 pondo
186 3405 216 3461 et
237 3401 385 3461 trientem.
1093 3421 1105 3462 s

113 3501 208 3556 'cht
228 3518 258 3569 p.
278 3504 360 3566 363⁶,
378 3505 416 3555 26
442 3515 545 3555 menum
564 3533 591 3540 -
608 3518 631 3554 et
647 3515 761 3566 uranum,
793 3517 849 3569 qua
877 3500 1079 3555 consuetudine

68 3567 202 3642 hodieque
221 3572 335 3638 utimur,
356 3589 419 3626 cum
437 3572 547 3642 lignum
566 3572 615 3625 bes
634 3573 755 3626 alterum
773 3570 901 3639 dicimus,
920 3572 951 3626 id
969 3576 1013 3627 est
1030 3589 1077 3641 pe-
