2444 3902
389 205 427 260 M.
446 205 593 260 Terentius
611 205 701 264 Varro
990 205 1054 268 189

43 366 121 420 rebus
135 368 214 439 [Π-
221 367 306 438 VIll,
325 367 448 420 secundo
463 382 546 434 quem
561 367 597 420 od
612 366 726 420 modum
744 382 777 419 ea
791 366 821 419 in
836 383 915 419 casus
930 365 1054 419 deelina-

44 437 397 510 rentur[V1H—XIII],
423 439 507 492 tertio
527 455 611 506 quem
631 438 799 491 admodum
819 438 1055 506 coniungerentur

45 509 277 581 [XIV—XXV]¹
311 509 349 562 id.
369 511 435 564 ibid.
451 515 509 576 8,1
529 526 613 577 quom
633 510 723 562 oratio
744 509 827 580 [ratio
842 509 932 579 Flos]
951 510 1055 562 natura

44 582 180 649 tripertita
194 583 277 646 esset,
296 583 328 634 ut
343 581 532 649 superioribus
547 580 627 634 libris
642 581 761 645 ostendi,
781 580 859 632 ouius
879 580 970 649 prima
989 596 1054 648 pars

45 654 171 718 quemad
185 653 301 706 modurn
315 652 452 706 vocabula
466 652 548 705 rebus
564 655 658 706 essent
670 652 804 720 imposita
823 653 904 722 [II-
911 652 993 722 VHJ,
1013 667 1054 705 se-

46 725 284 792 cundaquopaoto
294 723 380 776 dehis
392 723 535 776 deelinatu
544 723 706 777 discrimina
714 723 813 777 fierent
823 723 1054 794 [VIII-XIIIJ,

45 796 125 848 tertia
155 797 186 848 ut
214 811 248 849 ea
276 795 351 848 inter
378 811 407 848 se
425 795 535 848 ratione
559 795 709 849 coniuncta
732 795 901 848 sententiam
925 793 1056 847 efferrent

47 866 279 937 [XIV-XXV}
299 866 391 934 prima
405 868 486 934 parte
501 867 630 934 exposita
645 866 679 919 de
694 865 817 920 secunda
830 866 966 934 incipiam
980 865 1052 919 hino.

112 950 137 1000 2.
163 948 199 1001 id.
214 947 281 1001 ibid.
298 951 349 1011 5,1
369 946 503 1014 quemad
522 947 637 1000 modum
654 946 791 1000 vocabula
811 948 904 999 essent
921 945 1056 1014 imposita

46 1017 124 1070 rebus
141 1018 169 1070 in
187 1018 287 1086 lingua
305 1017 416 1082 Latina,
435 1033 484 1072 sex
501 1017 583 1071 libris
598 1034 734 1086 exponere
754 1018 873 1071 institui.
893 1017 928 1070 de
945 1017 989 1070 his
1003 1017 1055 1070 tris

48 1091 110 1141 unte
126 1089 197 1144 huno
215 1089 271 1143 feci
290 1105 359 1157 quos
375 1089 519 1157 Septumio
533 1089 607 1153 misi,
626 1090 655 1142 in
671 1088 772 1156 quibus
788 1091 830 1142 est
845 1090 880 1142 de
895 1088 1054 1157 disciplina,

47 1176 127 1226 quam
150 1163 250 1215 vocant
276 1159 473 1230 ἐτυμολογικήν
498 1161 655 1232 [II-IV];
682 1176 754 1229 quae
778 1162 875 1214 contra
899 1176 962 1213 eam
980 1160 1055 1213 dioe-

47 1233 144 1298 rentur‚
166 1231 308 1285 volumine
330 1232 433 1300 prim03
462 1249 534 1300 quae
558 1248 608 1301 pro
633 1248 678 1300 ea,
703 1232 838 1296 seound0;
862 1249 934 1299 quae
959 1232 993 1284 de
1013 1247 1055 1296 ea,

48 1303 133 1356 tertio.
151 1303 179 1356 in
196 1303 242 1356 his
262 1303 299 1356 ad
316 1306 345 1356 te
364 1304 541 1375 [Ciceronem]
562 1303 690 1357 scribam.

114 1387 136 1436 3.
164 1384 199 1437 id.
224 1384 291 1437 ibid.
313 1388 338 1450 7,
354 1389 407 1437 109
433 1399 518 1450 quare
542 1384 681 1437 institutis
705 1401 753 1437 sex
771 1383 851 1437 libris
881 1383 964 1454 [II-
972 1383 1054 1453 VII],

49 1455 173 1520 quemad
187 1455 302 1508 modum
316 1455 398 1508 rebus
413 1454 515 1508 Latina
533 1455 648 1509 nomina
662 1457 755 1508 essent
772 1455 907 1523 imposita
921 1454 957 1507 ad
973 1471 1056 1507 usum

48 1526 173 1590 nostrum,
192 1543 207 1580 e
227 1526 290 1593 quis
308 1527 359 1578 tris
375 1527 474 1595 scripsi
492 1526 522 1580 P.
538 1526 682 1595 Septumio
697 1527 746 1595 qui
760 1525 831 1579 mihi
846 1526 901 1579 fuit
916 1528 1056 1594 quaestor,

49 1596 97 1648 tris
120 1597 170 1650 tibi
197 1597 359 1668 [Ciceroni],
388 1615 505 1665 quorum
530 1598 577 1652 hio
601 1601 644 1652 ost
666 1598 780 1664 tertius,
807 1597 914 1666 priores
938 1597 973 1650 de
1000 1596 1056 1649 dis-

51 1666 147 1734 ciplina
163 1669 309 1723 verborum
328 1669 457 1738 originis,
481 1668 649 1737 posteriores
673 1669 708 1724 de
726 1670 872 1723 verborum
892 1668 1056 1736 originibus,

50 1738 147 1792 inillis
169 1740 216 1807 qui
241 1743 306 1793 ante
331 1743 396 1793 sunt
419 1740 577 1812 [II-IV]‚
601 1741 630 1793 in
648 1741 739 1809 primo
758 1741 899 1794 volumine
922 1745 965 1792 est
983 1755 1056 1808 quae

52 1808 179 1878 dicantur,
198 1829 247 1864 our
266 1812 446 1880 ἐτυμολογικὴ
465 1828 556 1881 neque
576 1829 620 1865 ars
640 1813 786 1881 sitneque
806 1829 839 1864 ea
857 1812 936 1864 utilis
957 1811 1006 1877 sit,
1026 1811 1056 1864 in

52 1882 161 1936 secundo
180 1899 253 1950 quae
271 1883 337 1946 sint,
357 1901 405 1937 our
422 1885 450 1936 et
464 1900 509 1936 ars
524 1900 558 1937 ea
577 1885 613 1936 sit
628 1885 657 1937 et
675 1883 754 1937 utilis
774 1883 885 1954 [stillis
900 1883 995 1954 Flos]
1011 1882 1056 1949 sit,

52 1950 172 2006 intortio
191 1971 264 2022 quae
283 1954 374 2008 forma
392 1955 589 2023 etymologiae,
608 1955 637 2007 in
652 1955 781 2009 secundis
795 1953 885 2008 tribus
900 1955 975 2025 [V—
983 1955 1056 2024 VH]

53 2039 113 2090 quos
131 2026 165 2078 ad
182 2029 211 2079 te
231 2026 409 2097 [Ciceronem]
428 2026 493 2079 misi
512 2027 580 2080 item
599 2025 755 2096 generatim
775 2025 912 2093 discretis,
935 2026 1057 2094 primum

52 2091 79 2146 in
99 2111 149 2162 quo
171 2099 237 2150 sunt
256 2097 378 2166 origines
402 2097 548 2151 verborum
567 2097 690 2151 locorum
713 2100 741 2150 et
760 2115 855 2151 earum
873 2114 965 2150 rerum
984 2113 1057 2165 quae

53 2164 79 2216 in
94 2165 157 2221 locis
176 2185 236 2222 esse
255 2168 359 2235 solent,
385 2170 539 2223 secundum
562 2168 664 2236 quibus
687 2169 831 2223 vocabulis
852 2171 981 2237 tempora
1000 2168 1057 2221 sint

53 2239 141 2292 notata
158 2241 185 2292 et
203 2256 254 2293 eae
272 2256 316 2293 res
336 2257 408 2308 quae
426 2241 455 2293 in
470 2241 644 2310 temporibus
664 2240 743 2308 fiunt,
761 2241 862 2294 tertius
878 2240 934 2306 hio,
952 2241 983 2292 in
1001 2257 1058 2308 quo

54 2311 167 2433 appetis
181 2312 250 2364 item
270 2313 383 2380 sumpta
401 2313 433 2364 ut
451 2311 502 2364 illa
520 2327 593 2379 quae
613 2312 671 2364 dixi
689 2311 719 2364 in
739 2311 847 2366 duobus
865 2310 945 2365 libris
965 2310 1058 2365 soluta

54 2394 95 2432 ora
117 2398 173 2436 one.
1002 2417 1004 2421 -

114 2458 138 2506 4.
164 2455 201 2509 id.
226 2454 292 2508 ibid.
313 2458 372 2520 5,6
401 2454 524 2523 reperiet
551 2453 626 2508 enim
655 2470 715 2507 esse
743 2455 916 2508 commutata
944 2453 1059 2524 [uerba],

53 2521 123 2576 utin
140 2525 329 2594 superioribus
348 2524 429 2578 libris
444 2527 546 2596 [ΙΙ-1
552 2526 587 2596 V]
609 2525 728 2592 ostendi,
747 2525 870 2579 maxime
883 2527 998 2594 propter
1012 2525 1057 2578 bis

54 2597 190 2658 quaternas
210 2613 317 2650 causas.
339 2597 498 2650 litterarum
518 2597 593 2651 enim
611 2597 643 2650 fit
662 2597 824 2667 demptione
843 2599 893 2650 aut
912 2596 1057 2650 additione

54 2665 78 2715 et
89 2670 197 2735 propter
211 2683 307 2721 earum
320 2667 501 2722 tralationem
516 2669 727 2741 [traotationem
740 2670 837 2724 Flor.:
851 2685 899 2722 ern.
910 2669 987 2737 LSp.
998 2669 1057 2722 coll.

54 2735 120 2792 ΒΜ.
143 2741 179 2793 od
200 2740 268 2794 Her.
292 2745 318 2806 4,
335 2741 385 2812 29]
419 2743 469 2794 aut
494 2740 755 2807 commutationem,
788 2741 856 2793 item
885 2739 1058 2808 syllabarum

54 2804 262 2882 [productione];
282 2827 355 2879 quae
374 2811 508 2879 quoniam
526 2812 556 2864 in
575 2812 764 2880 superioribus
783 2811 863 2864 libris
884 2811 1058 2864 cuiusmodi

54 2883 136 2933 essent
153 2881 288 2950 exemplis
308 2883 376 2936 satis
392 2882 589 2950 demonstravi,
608 2883 654 2937 hio
669 2882 884 2937 ammonendum
899 2898 959 2936 esse
973 2881 1057 2935 modo

53 2951 147 3015 putavi.
178 2957 212 3020 of.
233 2955 299 3020 Leo,
318 2954 432 3009 Hermes
449 2958 495 3020 24,
509 2958 567 3008 289
586 2955 651 3008 ada.
667 2959 692 3008 5.
719 2956 816 3010 Usener
835 2955 851 3008 l.
868 2971 888 3008 o.
908 2971 939 3022 p.
955 2957 1009 3008 625
1018 2970 1058 3021 sq.

115 3037 139 3086 5.
156 3035 193 3087 id.
209 3034 276 3088 ibid.
293 3038 321 3100 8,
332 3037 369 3088 24
388 3033 423 3087 de
443 3033 544 3103 quibus
563 3034 709 3102 utriusque
728 3035 838 3104 generis
858 3031 1059 3105 [ἀναλογίας

53 3105 73 3152 d
87 3101 287 3176 ἀνωμαλίας]
308 3105 544 3159 declinationibus
558 3105 645 3159 libros
659 3106 763 3160 froiam
777 3106 821 3160 bis
836 3109 938 3173 ternos,
957 3105 1058 3174 prioris

53 3172 96 3224 tris
106 3204 145 3242 -,
158 3175 321 3244 posterioris
336 3178 531 3249 [XI-XIII]
547 3178 652 3231 deeius
664 3177 831 3246 disciplinae
846 3177 1057 3246 propaginibus.

116 3259 139 3309 6.
157 3257 195 3310 id.
214 3256 281 3312 aoid.
302 3261 362 3323 &2
386 3257 420 3311 do
439 3256 555 3312 huiusce
573 3257 725 3326 multiplici
743 3260 846 3312 natura
865 3247 1058 3311 discriminum

54 3337 110 3378 orae
128 3330 191 3380 sunt
209 3327 272 3394 hae,
291 3345 340 3381 our
354 3330 383 3382 et
401 3345 456 3396 quo
474 3332 503 3382 et
521 3328 655 3397 quemad
673 3328 788 3381 modum
807 3330 836 3382 in
851 3328 991 3398 loquendo
1011 3329 1058 3382 de-

54 3394 149 3451 clinata
174 3402 239 3452 sunt
261 3399 355 3453 verba.
393 3400 428 3454 de
448 3399 549 3468 quibus
569 3400 624 3454 duo
643 3401 735 3470 prima
758 3400 867 3454 duabus
886 3400 977 3454 causis
996 3417 1059 3470 per-

55 3481 152 3522 curram
169 3469 298 3537 breviter,
318 3472 394 3540 quod
413 3473 441 3524 et
454 3474 525 3539 tum,
545 3489 608 3525 cum
623 3472 657 3524 de
672 3471 755 3541 copia
768 3471 914 3525 verborum
929 3471 1058 3537 scribam,

55 3537 101 3591 erit
112 3542 319 3596 retraetandum
335 3544 363 3596 et
372 3542 448 3610 quod
463 3543 498 3596 de
511 3542 601 3596 tribus
616 3543 732 3596 tertium
746 3543 822 3611 quod
836 3546 879 3596 est
892 3543 980 3596 habet
994 3558 1058 3596 suas

54 3611 195 3674 permultas
215 3629 248 3668 ao
267 3630 384 3684 magnas
401 3615 505 3682 partes.
