<?xml version="1.0" encoding="UTF-8"?>
<!DOCTYPE html PUBLIC "-//W3C//DTD XHTML 1.0 Transitional//EN"
    "http://www.w3.org/TR/xhtml1/DTD/xhtml1-transitional.dtd">
<html xmlns="http://www.w3.org/1999/xhtml" xml:lang="en" lang="en">
 <head>
  <title>
</title>
<meta http-equiv="Content-Type" content="text/html;charset=utf-8" />
  <meta name='ocr-system' content='tesseract 3.04.00' />
  <meta name='ocr-capabilities' content='ocr_page ocr_carea ocr_par ocr_line ocrx_word'/>
</head>
<body>
  <div class='ocr_page' id='page_1' title='image "./grammaticaeroma00funagoog_0394.png"; bbox 0 0 2442 3902; ppageno 0'>
   <div class='ocr_carea' id='block_1_1' title="bbox 155 179 1018 249">
    <p class='ocr_par' dir='ltr' id='par_1_1' title="bbox 155 179 1018 249">
     <span class='ocr_line' id='line_1_1' title="bbox 155 179 1018 249; baseline -0.006 -14"><span class='ocrx_word' id='word_1_1' title='bbox 155 181 221 245; x_wconf 80' lang='lat'>354</span> <span class='ocrx_word' id='word_1_2' title='bbox 303 179 509 234; x_wconf 76' lang='lat' dir='ltr'>Grammaticus</span> <span class='ocrx_word' id='word_1_3' title='bbox 527 179 630 233; x_wconf 83' lang='lat' dir='ltr'>aetatis</span> <span class='ocrx_word' id='word_1_4' title='bbox 650 179 840 232; x_wconf 79' lang='lat' dir='ltr'>Varronianus</span> <span class='ocrx_word' id='word_1_5' title='bbox 859 179 1018 249; x_wconf 89' lang='lat' dir='ltr'>fragmenta</span> 
     </span>
    </p>
   </div>
   <div class='ocr_carea' id='block_1_2' title="bbox 152 337 1151 623">
    <p class='ocr_par' dir='ltr' id='par_1_2' title="bbox 152 337 1151 623">
     <span class='ocr_line' id='line_1_2' title="bbox 225 337 1150 407; baseline -0.005 -13"><span class='ocrx_word' id='word_1_6' title='bbox 225 341 350 394; x_wconf 83' lang='lat' dir='ltr'>Macrob.</span> <span class='ocrx_word' id='word_1_7' title='bbox 366 345 391 405; x_wconf 88' lang='lat'>1,</span> <span class='ocrx_word' id='word_1_8' title='bbox 404 344 430 406; x_wconf 81' lang='lat'>4,</span> <span class='ocrx_word' id='word_1_9' title='bbox 446 343 480 393; x_wconf 81' lang='grc'>14</span> <span class='ocrx_word' id='word_1_10' title='bbox 503 339 553 392; x_wconf 86' lang='lat' dir='ltr'>sed</span> <span class='ocrx_word' id='word_1_11' title='bbox 576 341 606 392; x_wconf 88' lang='lat' dir='ltr'>et</span> <span class='ocrx_word' id='word_1_12' title='bbox 627 339 691 407; x_wconf 85' lang='lat' dir='ltr'>ipsa</span> <span class='ocrx_word' id='word_1_13' title='bbox 717 338 852 393; x_wconf 85' lang='lat' dir='ltr'>festorum</span> <span class='ocrx_word' id='word_1_14' title='bbox 878 339 992 392; x_wconf 87' lang='lat' dir='ltr'>nomina</span> <span class='ocrx_word' id='word_1_15' title='bbox 1017 337 1150 392; x_wconf 88' lang='lat' dir='ltr'>secundum</span> 
     </span>
     <span class='ocr_line' id='line_1_3' title="bbox 152 409 1149 480; baseline -0.003 -16"><span class='ocrx_word' id='word_1_16' title='bbox 152 409 280 480; x_wconf 84' lang='lat' dir='ltr'>regulam</span> <span class='ocrx_word' id='word_1_17' title='bbox 300 410 442 464; x_wconf 86' lang='lat' dir='ltr'>declinata</span> <span class='ocrx_word' id='word_1_18' title='bbox 465 410 541 479; x_wconf 90' lang='lat' dir='ltr'>apud</span> <span class='ocrx_word' id='word_1_19' title='bbox 560 412 667 463; x_wconf 87' lang='lat' dir='ltr'>veteres</span> <span class='ocrx_word' id='word_1_20' title='bbox 688 411 806 478; x_wconf 82' lang='lat' dir='ltr'>reperio,</span> <span class='ocrx_word' id='word_1_21' title='bbox 831 411 853 462; x_wconf 84' lang='lat' dir='ltr'>si</span> <span class='ocrx_word' id='word_1_22' title='bbox 874 410 987 478; x_wconf 87' lang='lat' dir='ltr'>quidem</span> <span class='ocrx_word' id='word_1_23' title='bbox 1001 423 1149 464; x_wconf 68' lang='lat' dir='ltr'>varro-nea</span> 
     </span>
     <span class='ocr_line' id='line_1_4' title="bbox 153 481 1151 550; baseline -0.002 -15"><span class='ocrx_word' id='word_1_24' title='bbox 153 499 209 535; x_wconf 92' lang='lat' dir='ltr'>non</span> <span class='ocrx_word' id='word_1_25' title='bbox 233 481 306 535; x_wconf 86' lang='lat' dir='ltr'>dixit</span> <span class='ocrx_word' id='word_1_26' title='bbox 330 481 542 536; x_wconf 86' lang='lat' dir='ltr'>‘Feraliorum&#39;.</span> <span class='ocrx_word' id='word_1_27' title='bbox 585 481 656 536; x_wconf 79' lang='lat' dir='ltr'>idem</span> <span class='ocrx_word' id='word_1_28' title='bbox 679 483 858 550; x_wconf 78' lang='lat' dir='ltr'><strong><em>veriloquium</em></strong></span> <span class='ocrx_word' id='word_1_29' title='bbox 881 489 920 536; x_wconf 86' lang='lat' dir='ltr'>est</span> <span class='ocrx_word' id='word_1_30' title='bbox 938 483 1014 550; x_wconf 78' lang='lat' dir='ltr'>opud</span> <span class='ocrx_word' id='word_1_31' title='bbox 1036 481 1111 536; x_wconf 78' lang='lat' dir='ltr'>Vorr.</span> <span class='ocrx_word' id='word_1_32' title='bbox 1126 482 1151 533; x_wconf 80' lang='lat' dir='ltr'>de</span> 
     </span>
     <span class='ocr_line' id='line_1_5' title="bbox 153 552 884 623; baseline -0.004 -15"><span class='ocrx_word' id='word_1_33' title='bbox 153 557 170 609; x_wconf 87' lang='lat' dir='ltr'>l.</span> <span class='ocrx_word' id='word_1_34' title='bbox 184 554 219 607; x_wconf 86' lang='lat' dir='ltr'>L.</span> <span class='ocrx_word' id='word_1_35' title='bbox 235 558 260 620; x_wconf 86' lang='lat'>6,</span> <span class='ocrx_word' id='word_1_36' title='bbox 276 557 319 619; x_wconf 85' lang='lat'>13,</span> <span class='ocrx_word' id='word_1_37' title='bbox 337 553 384 607; x_wconf 79' lang='lat' dir='ltr'>sed</span> <span class='ocrx_word' id='word_1_38' title='bbox 401 553 442 606; x_wconf 81' lang='lat' dir='ltr'>ibi</span> <span class='ocrx_word' id='word_1_39' title='bbox 460 552 531 607; x_wconf 82' lang='lat' dir='ltr'>deest</span> <span class='ocrx_word' id='word_1_40' title='bbox 548 554 686 623; x_wconf 69' lang='lat' dir='ltr'>prodicus</span> <span class='ocrx_word' id='word_1_41' title='bbox 706 553 884 606; x_wconf 81' lang='lat' dir='ltr'>‘Feralium&#39;.</span> 
     </span>
    </p>
   </div>
   <div class='ocr_carea' id='block_1_3' title="bbox 225 659 495 714">
    <p class='ocr_par' dir='ltr' id='par_1_3' title="bbox 225 659 495 714">
     <span class='ocr_line' id='line_1_6' title="bbox 225 659 495 714; baseline 0 -2"><span class='ocrx_word' id='word_1_42' title='bbox 225 665 238 712; x_wconf 91' lang='lat'>1</span> <span class='ocrx_word' id='word_1_43' title='bbox 259 659 401 713; x_wconf 86' lang='lat' dir='ltr'>ferialium</span> <span class='ocrx_word' id='word_1_44' title='bbox 419 660 495 714; x_wconf 83' lang='lat' dir='ltr'>codd.</span> 
     </span>
    </p>
   </div>
   <div class='ocr_carea' id='block_1_4' title="bbox 626 803 692 860">
    <p class='ocr_par' dir='ltr' id='par_1_4' title="bbox 626 803 692 860">
     <span class='ocr_line' id='line_1_7' title="bbox 626 803 692 860; baseline 0.03 -2"><span class='ocrx_word' id='word_1_45' title='bbox 626 803 692 860; x_wconf 75' lang='lat'>408</span> 
     </span>
    </p>
   </div>
   <div class='ocr_carea' id='block_1_5' title="bbox 67 909 1205 3478">
    <p class='ocr_par' dir='ltr' id='par_1_5' title="bbox 67 909 1203 1698">
     <span class='ocr_line' id='line_1_8' title="bbox 219 909 1202 986; baseline -0.002 -20"><span class='ocrx_word' id='word_1_46' title='bbox 219 909 341 966; x_wconf 87' lang='lat' dir='ltr'>nomina</span> <span class='ocrx_word' id='word_1_47' title='bbox 378 909 476 967; x_wconf 88' lang='lat' dir='ltr'>decem</span> <span class='ocrx_word' id='word_1_48' title='bbox 514 909 664 968; x_wconf 89' lang='lat' dir='ltr'>mensibus</span> <span class='ocrx_word' id='word_1_49' title='bbox 702 911 835 986; x_wconf 80' lang='lat' dir='ltr'><strong>antiquis</strong></span> <span class='ocrx_word' id='word_1_50' title='bbox 867 909 1028 968; x_wconf 88' lang='lat' dir='ltr'><strong>Romulum</strong></span> <span class='ocrx_word' id='word_1_51' title='bbox 1063 909 1150 967; x_wconf 74' lang='lat' dir='ltr'>lecisu</span> <span class='ocrx_word' id='word_1_52' title='bbox 1201 929 1202 934; x_wconf 47' lang='lat'>¹</span> 
     </span>
     <span class='ocr_line' id='line_1_9' title="bbox 152 991 1148 1077; baseline -0.002 -22"><span class='ocrx_word' id='word_1_53' title='bbox 152 997 280 1056; x_wconf 86' lang='lat' dir='ltr'>Fulvius</span> <span class='ocrx_word' id='word_1_54' title='bbox 305 991 356 1076; x_wconf 73' lang='lat' dir='ltr'>[fr.</span> <span class='ocrx_word' id='word_1_55' title='bbox 374 991 406 1077; x_wconf 88' lang='lat'>1]</span> <span class='ocrx_word' id='word_1_56' title='bbox 431 1000 462 1055; x_wconf 88' lang='lat' dir='ltr'>et</span> <span class='ocrx_word' id='word_1_57' title='bbox 479 997 584 1056; x_wconf 88' lang='lat' dir='ltr'>lunius</span> <span class='ocrx_word' id='word_1_58' title='bbox 609 991 660 1076; x_wconf 76' lang='lat' dir='ltr'>[fr.</span> <span class='ocrx_word' id='word_1_59' title='bbox 678 991 710 1076; x_wconf 87' lang='lat'>5]</span> <span class='ocrx_word' id='word_1_60' title='bbox 734 1001 870 1057; x_wconf 75' lang='lat' dir='ltr'><strong>auctores</strong></span> <span class='ocrx_word' id='word_1_61' title='bbox 894 1002 975 1072; x_wconf 79' lang='lat' dir='ltr'>sunt3</span> <span class='ocrx_word' id='word_1_62' title='bbox 1000 998 1148 1072; x_wconf 87' lang='lat' dir='ltr'>etquidem</span> 
     </span>
     <span class='ocr_line' id='line_1_10' title="bbox 153 1086 1150 1163; baseline 0 -20"><span class='ocrx_word' id='word_1_63' title='bbox 153 1086 228 1146; x_wconf 89' lang='lat' dir='ltr'>duos</span> <span class='ocrx_word' id='word_1_64' title='bbox 246 1087 358 1163; x_wconf 89' lang='lat' dir='ltr'>primos</span> <span class='ocrx_word' id='word_1_65' title='bbox 373 1105 391 1144; x_wconf 87' lang='lat' dir='ltr'>a</span> <span class='ocrx_word' id='word_1_66' title='bbox 409 1086 583 1163; x_wconf 83' lang='lat' dir='ltr'>parentibus</span> <span class='ocrx_word' id='word_1_67' title='bbox 602 1088 663 1146; x_wconf 89' lang='lat' dir='ltr'>suis</span> <span class='ocrx_word' id='word_1_68' title='bbox 681 1089 860 1160; x_wconf 74' lang='lat' dir='ltr'>nominasse,</span> <span class='ocrx_word' id='word_1_69' title='bbox 878 1088 1022 1146; x_wconf 85' lang='lat' dir='ltr'>Martium</span> <span class='ocrx_word' id='word_1_70' title='bbox 1040 1087 1150 1144; x_wconf 86' lang='lat' dir='ltr'>aMarte</span> 
     </span>
     <span class='ocr_line' id='line_1_11' title="bbox 152 1175 1151 1252; baseline -0.002 -18"><span class='ocrx_word' id='word_1_71' title='bbox 152 1179 248 1252; x_wconf 85' lang='lat' dir='ltr'>patre,</span> <span class='ocrx_word' id='word_1_72' title='bbox 270 1175 406 1251; x_wconf 83' lang='lat' dir='ltr'>Aprilem</span> <span class='ocrx_word' id='word_1_73' title='bbox 431 1176 467 1234; x_wconf 89' lang='lat' dir='ltr'>ab</span> <span class='ocrx_word' id='word_1_74' title='bbox 486 1175 652 1250; x_wconf 76' lang='lat' dir='ltr'>Aphrodite</span> <span class='ocrx_word' id='word_1_75' title='bbox 675 1176 706 1233; x_wconf 94' lang='lat' dir='ltr'>id</span> <span class='ocrx_word' id='word_1_76' title='bbox 730 1180 776 1235; x_wconf 87' lang='lat' dir='ltr'>est</span> <span class='ocrx_word' id='word_1_77' title='bbox 793 1176 916 1250; x_wconf 83' lang='lat' dir='ltr'>Venere,</span> <span class='ocrx_word' id='word_1_78' title='bbox 940 1177 1020 1234; x_wconf 86' lang='lat' dir='ltr'>unde</span> <span class='ocrx_word' id='word_1_79' title='bbox 1040 1177 1151 1234; x_wconf 88' lang='lat' dir='ltr'>maiores</span> 
     </span>
     <span class='ocr_line' id='line_1_12' title="bbox 125 1251 1203 1340; baseline 0.004 -22"><span class='ocrx_word' id='word_1_80' title='bbox 125 1266 216 1324; x_wconf 82' lang='lat' dir='ltr'>seius</span> <span class='ocrx_word' id='word_1_81' title='bbox 240 1264 359 1323; x_wconf 89' lang='lat' dir='ltr'>oriundi</span> <span class='ocrx_word' id='word_1_82' title='bbox 382 1264 569 1338; x_wconf 81' lang='lat' dir='ltr'>dicebantur3</span> <span class='ocrx_word' id='word_1_83' title='bbox 599 1266 749 1340; x_wconf 89' lang='lat' dir='ltr'>proximos</span> <span class='ocrx_word' id='word_1_84' title='bbox 773 1265 847 1324; x_wconf 88' lang='lat' dir='ltr'>duos</span> <span class='ocrx_word' id='word_1_85' title='bbox 870 1285 887 1322; x_wconf 91' lang='lat' dir='ltr'>a</span> <span class='ocrx_word' id='word_1_86' title='bbox 910 1266 1032 1340; x_wconf 89' lang='lat' dir='ltr'>populo,</span> <span class='ocrx_word' id='word_1_87' title='bbox 1053 1265 1149 1323; x_wconf 85' lang='lat' dir='ltr'>Maium</span> <span class='ocrx_word' id='word_1_88' title='bbox 1202 1251 1203 1322; x_wconf 46' lang='grc' dir='ltr'>ἶ</span> 
     </span>
     <span class='ocr_line' id='line_1_13' title="bbox 153 1353 1152 1430; baseline -0.005 -17"><span class='ocrx_word' id='word_1_89' title='bbox 153 1353 351 1413; x_wconf 86' lang='lat' dir='ltr'>amaioribus</span> <span class='ocrx_word' id='word_1_90' title='bbox 375 1357 458 1427; x_wconf 88' lang='lat' dir='ltr'>natu,</span> <span class='ocrx_word' id='word_1_91' title='bbox 481 1353 602 1411; x_wconf 90' lang='lat' dir='ltr'>Iunium</span> <span class='ocrx_word' id='word_1_92' title='bbox 626 1374 644 1412; x_wconf 89' lang='lat' dir='ltr'>a</span> <span class='ocrx_word' id='word_1_93' title='bbox 666 1353 845 1430; x_wconf 79' lang='lat' dir='ltr'>iunioribus3</span> <span class='ocrx_word' id='word_1_94' title='bbox 870 1359 982 1413; x_wconf 85' lang='lat' dir='ltr'>ceteros</span> <span class='ocrx_word' id='word_1_95' title='bbox 1007 1354 1044 1413; x_wconf 87' lang='lat' dir='ltr'>ab</span> <span class='ocrx_word' id='word_1_96' title='bbox 1064 1353 1152 1411; x_wconf 86' lang='lat' dir='ltr'>ordino</span> 
     </span>
     <span class='ocr_line' id='line_1_14' title="bbox 67 1441 1150 1524; baseline -0.006 -22"><span class='ocrx_word' id='word_1_97' title='bbox 67 1514 71 1524; x_wconf 36' lang='grc' dir='ltr'><strong><em>Ι</em></strong></span> <span class='ocrx_word' id='word_1_98' title='bbox 153 1462 212 1518; x_wconf 93' lang='lat' dir='ltr'>quo</span> <span class='ocrx_word' id='word_1_99' title='bbox 236 1443 347 1518; x_wconf 85' lang='lat' dir='ltr'>singuli</span> <span class='ocrx_word' id='word_1_100' title='bbox 370 1447 463 1515; x_wconf 88' lang='lat' dir='ltr'>erant,</span> <span class='ocrx_word' id='word_1_101' title='bbox 488 1441 651 1510; x_wconf 85' lang='lat' dir='ltr'>Quintilem</span> <span class='ocrx_word' id='word_1_102' title='bbox 675 1463 768 1519; x_wconf 90' lang='lat' dir='ltr'>usque</span> <span class='ocrx_word' id='word_1_103' title='bbox 788 1442 981 1502; x_wconf 88' lang='lat' dir='ltr'>Decembrem</span> <span class='ocrx_word' id='word_1_104' title='bbox 1004 1442 1117 1518; x_wconf 87' lang='lat' dir='ltr'>perinde</span> <span class='ocrx_word' id='word_1_105' title='bbox 1136 1459 1150 1496; x_wconf 91' lang='lat' dir='ltr'>a</span> 
     </span>
     <span class='ocr_line' id='line_1_15' title="bbox 151 1531 1150 1592; baseline -0.002 -3"><span class='ocrx_word' id='word_1_106' title='bbox 151 1551 281 1590; x_wconf 90' lang='lat' dir='ltr'>numero.</span> <span class='ocrx_word' id='word_1_107' title='bbox 320 1531 416 1590; x_wconf 84' lang='lat' dir='ltr'>Varro</span> <span class='ocrx_word' id='word_1_108' title='bbox 436 1535 535 1590; x_wconf 89' lang='lat' dir='ltr'>autem</span> <span class='ocrx_word' id='word_1_109' title='bbox 552 1532 702 1592; x_wconf 89' lang='lat' dir='ltr'>Romanos</span> <span class='ocrx_word' id='word_1_110' title='bbox 722 1552 740 1591; x_wconf 86' lang='lat' dir='ltr'>a</span> <span class='ocrx_word' id='word_1_111' title='bbox 758 1531 874 1590; x_wconf 88' lang='lat' dir='ltr'>Latinis</span> <span class='ocrx_word' id='word_1_112' title='bbox 893 1535 1016 1591; x_wconf 87' lang='lat' dir='ltr'>nomina</span> <span class='ocrx_word' id='word_1_113' title='bbox 1033 1549 1150 1590; x_wconf 87' lang='lat' dir='ltr'>mensam</span> 
     </span>
     <span class='ocr_line' id='line_1_16' title="bbox 152 1619 1151 1698; baseline -0.004 -19"><span class='ocrx_word' id='word_1_114' title='bbox 152 1621 299 1696; x_wconf 77' lang='lat' dir='ltr'>accepisse</span> <span class='ocrx_word' id='word_1_115' title='bbox 315 1621 477 1679; x_wconf 76' lang='lat' dir='ltr'>arbitratus</span> <span class='ocrx_word' id='word_1_116' title='bbox 493 1624 627 1680; x_wconf 89' lang='lat' dir='ltr'>auctores</span> <span class='ocrx_word' id='word_1_117' title='bbox 643 1640 744 1680; x_wconf 89' lang='lat' dir='ltr'>eorum</span> <span class='ocrx_word' id='word_1_118' title='bbox 760 1622 942 1696; x_wconf 81' lang='lat' dir='ltr'>antiquiores</span> <span class='ocrx_word' id='word_1_119' title='bbox 957 1641 1047 1698; x_wconf 86' lang='lat' dir='ltr'>quam</span> <span class='ocrx_word' id='word_1_120' title='bbox 1061 1619 1151 1677; x_wconf 81' lang='lat' dir='ltr'>urben</span> 
     </span>
    </p>

    <p class='ocr_par' dir='ltr' id='par_1_6' title="bbox 109 1709 1205 3478">
     <span class='ocr_line' id='line_1_17' title="bbox 111 1709 1204 1787; baseline 0.002 -23"><span class='ocrx_word' id='word_1_121' title='bbox 111 1725 137 1764; x_wconf 80' lang='lat' dir='ltr'>io</span> <span class='ocrx_word' id='word_1_122' title='bbox 152 1711 242 1769; x_wconf 90' lang='lat' dir='ltr'>fuisse</span> <span class='ocrx_word' id='word_1_123' title='bbox 261 1711 334 1769; x_wconf 90' lang='lat' dir='ltr'>satis</span> <span class='ocrx_word' id='word_1_124' title='bbox 354 1713 458 1787; x_wconf 88' lang='lat' dir='ltr'>argute</span> <span class='ocrx_word' id='word_1_125' title='bbox 478 1709 570 1768; x_wconf 85' lang='lat' dir='ltr'>docet.</span> <span class='ocrx_word' id='word_1_126' title='bbox 607 1711 711 1787; x_wconf 89' lang='lat' dir='ltr'>itaque</span> <span class='ocrx_word' id='word_1_127' title='bbox 727 1710 870 1768; x_wconf 89' lang='lat' dir='ltr'>Martium</span> <span class='ocrx_word' id='word_1_128' title='bbox 889 1728 1020 1769; x_wconf 87' lang='lat' dir='ltr'>mensem</span> <span class='ocrx_word' id='word_1_129' title='bbox 1039 1709 1152 1768; x_wconf 80' lang='lat' dir='ltr'>allarts</span> <span class='ocrx_word' id='word_1_130' title='bbox 1203 1713 1204 1750; x_wconf 53' lang='lat' dir='ltr'>l</span> 
     </span>
     <span class='ocr_line' id='line_1_18' title="bbox 152 1798 1151 1874; baseline -0.003 -17"><span class='ocrx_word' id='word_1_131' title='bbox 152 1798 274 1874; x_wconf 90' lang='lat' dir='ltr'>quidem</span> <span class='ocrx_word' id='word_1_132' title='bbox 296 1799 484 1858; x_wconf 88' lang='lat' dir='ltr'>nominatum</span> <span class='ocrx_word' id='word_1_133' title='bbox 507 1798 609 1873; x_wconf 89' lang='lat' dir='ltr'>credit,</span> <span class='ocrx_word' id='word_1_134' title='bbox 637 1818 697 1858; x_wconf 91' lang='lat' dir='ltr'>non</span> <span class='ocrx_word' id='word_1_135' title='bbox 721 1799 792 1874; x_wconf 88' lang='lat' dir='ltr'>quia</span> <span class='ocrx_word' id='word_1_136' title='bbox 815 1799 935 1858; x_wconf 86' lang='lat' dir='ltr'>Romuli</span> <span class='ocrx_word' id='word_1_137' title='bbox 959 1800 1049 1858; x_wconf 87' lang='lat' dir='ltr'>fuerit</span> <span class='ocrx_word' id='word_1_138' title='bbox 1070 1807 1151 1874; x_wconf 82' lang='lat' dir='ltr'>pater,</span> 
     </span>
     <span class='ocr_line' id='line_1_19' title="bbox 151 1885 1152 1965; baseline -0.005 -18"><span class='ocrx_word' id='word_1_139' title='bbox 151 1888 202 1947; x_wconf 91' lang='lat' dir='ltr'>sed</span> <span class='ocrx_word' id='word_1_140' title='bbox 230 1888 310 1963; x_wconf 90' lang='lat' dir='ltr'>quod</span> <span class='ocrx_word' id='word_1_141' title='bbox 336 1906 408 1965; x_wconf 90' lang='lat' dir='ltr'>gens</span> <span class='ocrx_word' id='word_1_142' title='bbox 432 1887 541 1946; x_wconf 85' lang='lat' dir='ltr'>Latina</span> <span class='ocrx_word' id='word_1_143' title='bbox 563 1887 718 1962; x_wconf 81' lang='lat' dir='ltr'>bellicosa3</span> <span class='ocrx_word' id='word_1_144' title='bbox 748 1889 884 1964; x_wconf 88' lang='lat' dir='ltr'>Aprilem</span> <span class='ocrx_word' id='word_1_145' title='bbox 912 1891 1014 1947; x_wconf 86' lang='lat' dir='ltr'>autem</span> <span class='ocrx_word' id='word_1_146' title='bbox 1040 1907 1095 1946; x_wconf 89' lang='lat' dir='ltr'>non</span> <span class='ocrx_word' id='word_1_147' title='bbox 1120 1885 1152 1943; x_wconf 89' lang='lat' dir='ltr'>ab</span> 
     </span>
     <span class='ocr_line' id='line_1_20' title="bbox 151 1976 1152 2054; baseline 0 -20"><span class='ocrx_word' id='word_1_148' title='bbox 151 1976 326 2053; x_wconf 87' lang='lat' dir='ltr'>Aphrodite,</span> <span class='ocrx_word' id='word_1_149' title='bbox 346 1977 397 2034; x_wconf 89' lang='lat' dir='ltr'>sed</span> <span class='ocrx_word' id='word_1_150' title='bbox 416 1977 453 2036; x_wconf 92' lang='lat' dir='ltr'>ab</span> <span class='ocrx_word' id='word_1_151' title='bbox 469 1977 636 2052; x_wconf 91' lang='lat' dir='ltr'>aperiendo,</span> <span class='ocrx_word' id='word_1_152' title='bbox 656 1976 735 2052; x_wconf 92' lang='lat' dir='ltr'>quod</span> <span class='ocrx_word' id='word_1_153' title='bbox 753 1983 825 2035; x_wconf 88' lang='lat' dir='ltr'>tunc</span> <span class='ocrx_word' id='word_1_154' title='bbox 838 1977 899 2036; x_wconf 89' lang='lat' dir='ltr'>fere</span> <span class='ocrx_word' id='word_1_155' title='bbox 919 1983 1027 2037; x_wconf 86' lang='lat' dir='ltr'>cuncta</span> <span class='ocrx_word' id='word_1_156' title='bbox 1040 1980 1152 2054; x_wconf 87' lang='lat' dir='ltr'>gignan-</span> 
     </span>
     <span class='ocr_line' id='line_1_21' title="bbox 150 2065 1150 2142; baseline -0.005 -17"><span class='ocrx_word' id='word_1_157' title='bbox 150 2071 200 2125; x_wconf 88' lang='lat' dir='ltr'>tur</span> <span class='ocrx_word' id='word_1_158' title='bbox 223 2069 253 2124; x_wconf 89' lang='lat' dir='ltr'>et</span> <span class='ocrx_word' id='word_1_159' title='bbox 276 2065 416 2124; x_wconf 90' lang='lat' dir='ltr'>nascendi</span> <span class='ocrx_word' id='word_1_160' title='bbox 439 2066 570 2124; x_wconf 82' lang='lat' dir='ltr'>claustra</span> <span class='ocrx_word' id='word_1_161' title='bbox 593 2068 710 2142; x_wconf 89' lang='lat' dir='ltr'>aperiat</span> <span class='ocrx_word' id='word_1_162' title='bbox 732 2068 853 2140; x_wconf 83' lang='lat' dir='ltr'>netura3</span> <span class='ocrx_word' id='word_1_163' title='bbox 876 2065 991 2124; x_wconf 90' lang='lat' dir='ltr'>Maium</span> <span class='ocrx_word' id='word_1_164' title='bbox 1014 2086 1080 2124; x_wconf 89' lang='lat' dir='ltr'>vero</span> <span class='ocrx_word' id='word_1_165' title='bbox 1101 2083 1150 2122; x_wconf 90' lang='lat' dir='ltr'>non</span> 
     </span>
     <span class='ocr_line' id='line_1_22' title="bbox 110 2155 1205 2231; baseline 0.001 -22"><span class='ocrx_word' id='word_1_166' title='bbox 110 2169 169 2214; x_wconf 80' lang='lat' dir='ltr'>rra</span> <span class='ocrx_word' id='word_1_167' title='bbox 192 2155 354 2213; x_wconf 89' lang='lat' dir='ltr'>maioribus</span> <span class='ocrx_word' id='word_1_168' title='bbox 378 2155 427 2213; x_wconf 88' lang='lat' dir='ltr'>sed</span> <span class='ocrx_word' id='word_1_169' title='bbox 452 2175 470 2214; x_wconf 92' lang='lat' dir='ltr'>a</span> <span class='ocrx_word' id='word_1_170' title='bbox 491 2155 572 2214; x_wconf 87' lang='lat' dir='ltr'>Maia</span> <span class='ocrx_word' id='word_1_171' title='bbox 594 2173 701 2214; x_wconf 90' lang='lat' dir='ltr'>nomen</span> <span class='ocrx_word' id='word_1_172' title='bbox 726 2157 880 2230; x_wconf 88' lang='lat' dir='ltr'>accepisse,</span> <span class='ocrx_word' id='word_1_173' title='bbox 905 2155 986 2231; x_wconf 91' lang='lat' dir='ltr'>quod</span> <span class='ocrx_word' id='word_1_174' title='bbox 1009 2175 1044 2215; x_wconf 87' lang='lat' dir='ltr'>eo</span> <span class='ocrx_word' id='word_1_175' title='bbox 1064 2171 1150 2212; x_wconf 87' lang='lat' dir='ltr'>manse</span> <span class='ocrx_word' id='word_1_176' title='bbox 1204 2173 1205 2182; x_wconf 55' lang='lat'>¹</span> 
     </span>
     <span class='ocr_line' id='line_1_23' title="bbox 150 2243 1150 2318; baseline -0.007 -14"><span class='ocrx_word' id='word_1_177' title='bbox 150 2249 214 2304; x_wconf 88' lang='lat' dir='ltr'>tam</span> <span class='ocrx_word' id='word_1_178' title='bbox 237 2244 349 2302; x_wconf 88' lang='lat' dir='ltr'>Romae</span> <span class='ocrx_word' id='word_1_179' title='bbox 374 2263 463 2318; x_wconf 89' lang='lat' dir='ltr'>quam</span> <span class='ocrx_word' id='word_1_180' title='bbox 487 2247 575 2302; x_wconf 89' lang='lat' dir='ltr'>antea</span> <span class='ocrx_word' id='word_1_181' title='bbox 598 2245 630 2302; x_wconf 90' lang='lat' dir='ltr'>in</span> <span class='ocrx_word' id='word_1_182' title='bbox 653 2244 739 2303; x_wconf 87' lang='lat' dir='ltr'>Latio</span> <span class='ocrx_word' id='word_1_183' title='bbox 763 2263 809 2304; x_wconf 88' lang='lat' dir='ltr'>res</span> <span class='ocrx_word' id='word_1_184' title='bbox 833 2245 936 2303; x_wconf 81' lang='lat' dir='ltr'>divina</span> <span class='ocrx_word' id='word_1_185' title='bbox 958 2244 1056 2304; x_wconf 77' lang='lat' dir='ltr'>Maiae</span> <span class='ocrx_word' id='word_1_186' title='bbox 1077 2243 1107 2300; x_wconf 83' lang='lat' dir='ltr'>fit</span> <span class='ocrx_word' id='word_1_187' title='bbox 1126 2245 1150 2299; x_wconf 83' lang='lat' dir='ltr'>et</span> 
     </span>
     <span class='ocr_line' id='line_1_24' title="bbox 150 2332 1151 2409; baseline -0.002 -19"><span class='ocrx_word' id='word_1_188' title='bbox 150 2333 311 2406; x_wconf 83' lang='lat' dir='ltr'>Mercuri03</span> <span class='ocrx_word' id='word_1_189' title='bbox 330 2332 450 2390; x_wconf 89' lang='lat' dir='ltr'>Iunium</span> <span class='ocrx_word' id='word_1_190' title='bbox 469 2351 586 2407; x_wconf 86' lang='lat' dir='ltr'>quoque</span> <span class='ocrx_word' id='word_1_191' title='bbox 601 2352 619 2391; x_wconf 90' lang='lat' dir='ltr'>a</span> <span class='ocrx_word' id='word_1_192' title='bbox 632 2332 744 2391; x_wconf 88' lang='lat' dir='ltr'>lunone</span> <span class='ocrx_word' id='word_1_193' title='bbox 762 2335 970 2409; x_wconf 88' lang='lat' dir='ltr'>potiusquam</span> <span class='ocrx_word' id='word_1_194' title='bbox 990 2333 1151 2402; x_wconf 79' lang='lat' dir='ltr'>iunioribus,</span> 
     </span>
     <span class='ocr_line' id='line_1_25' title="bbox 150 2420 1149 2498; baseline -0.003 -18"><span class='ocrx_word' id='word_1_195' title='bbox 150 2420 230 2498; x_wconf 91' lang='lat' dir='ltr'>quod</span> <span class='ocrx_word' id='word_1_196' title='bbox 243 2421 297 2480; x_wconf 88' lang='lat' dir='ltr'>illo</span> <span class='ocrx_word' id='word_1_197' title='bbox 311 2440 411 2480; x_wconf 88' lang='lat' dir='ltr'>manse</span> <span class='ocrx_word' id='word_1_198' title='bbox 425 2422 552 2480; x_wconf 86' lang='lat' dir='ltr'>maxime</span> <span class='ocrx_word' id='word_1_199' title='bbox 566 2421 675 2480; x_wconf 91' lang='lat' dir='ltr'>Iunoni</span> <span class='ocrx_word' id='word_1_200' title='bbox 688 2423 813 2481; x_wconf 89' lang='lat' dir='ltr'>honores</span> <span class='ocrx_word' id='word_1_201' title='bbox 826 2422 987 2497; x_wconf 83' lang='lat' dir='ltr'>habentur3</span> <span class='ocrx_word' id='word_1_202' title='bbox 1003 2421 1149 2492; x_wconf 83' lang='lat' dir='ltr'>Quintilem</span> 
     </span>
     <span class='ocr_line' id='line_1_26' title="bbox 151 2510 1151 2586; baseline -0.003 -18"><span class='ocrx_word' id='word_1_203' title='bbox 151 2511 230 2586; x_wconf 92' lang='lat' dir='ltr'>quod</span> <span class='ocrx_word' id='word_1_204' title='bbox 253 2511 317 2570; x_wconf 92' lang='lat' dir='ltr'>loco</span> <span class='ocrx_word' id='word_1_205' title='bbox 340 2513 402 2569; x_wconf 91' lang='lat' dir='ltr'>iam</span> <span class='ocrx_word' id='word_1_206' title='bbox 425 2510 504 2586; x_wconf 91' lang='lat' dir='ltr'>apud</span> <span class='ocrx_word' id='word_1_207' title='bbox 527 2510 651 2569; x_wconf 88' lang='lat' dir='ltr'>Latinos</span> <span class='ocrx_word' id='word_1_208' title='bbox 674 2512 766 2570; x_wconf 87' lang='lat' dir='ltr'>luerit</span> <span class='ocrx_word' id='word_1_209' title='bbox 789 2513 904 2586; x_wconf 88' lang='lat' dir='ltr'>quinto,</span> <span class='ocrx_word' id='word_1_210' title='bbox 926 2511 1001 2570; x_wconf 90' lang='lat' dir='ltr'>item</span> <span class='ocrx_word' id='word_1_211' title='bbox 1024 2511 1151 2571; x_wconf 84' lang='lat' dir='ltr'>Sextilem</span> 
     </span>
     <span class='ocr_line' id='line_1_27' title="bbox 109 2599 1148 2676; baseline 0.001 -22"><span class='ocrx_word' id='word_1_212' title='bbox 109 2614 135 2654; x_wconf 85' lang='lat' dir='ltr'>ao</span> <span class='ocrx_word' id='word_1_213' title='bbox 149 2620 184 2659; x_wconf 87' lang='lat' dir='ltr'>ao</span> <span class='ocrx_word' id='word_1_214' title='bbox 203 2600 341 2674; x_wconf 84' lang='lat' dir='ltr'>deinceps</span> <span class='ocrx_word' id='word_1_215' title='bbox 360 2600 397 2658; x_wconf 90' lang='lat' dir='ltr'>ad</span> <span class='ocrx_word' id='word_1_216' title='bbox 416 2599 608 2658; x_wconf 84' lang='lat' dir='ltr'>Decembrem</span> <span class='ocrx_word' id='word_1_217' title='bbox 628 2600 793 2659; x_wconf 86' lang='lat' dir='ltr'>enumeris</span> <span class='ocrx_word' id='word_1_218' title='bbox 817 2601 993 2676; x_wconf 86' lang='lat' dir='ltr'>appellatos.</span> <span class='ocrx_word' id='word_1_219' title='bbox 1036 2605 1148 2660; x_wconf 84' lang='lat' dir='ltr'>ceterum</span> 
     </span>
     <span class='ocr_line' id='line_1_28' title="bbox 149 2685 1150 2764; baseline -0.001 -18"><span class='ocrx_word' id='word_1_220' title='bbox 149 2689 321 2748; x_wconf 76' lang='lat' dir='ltr'>Ianuarium</span> <span class='ocrx_word' id='word_1_221' title='bbox 353 2692 383 2747; x_wconf 87' lang='lat' dir='ltr'>et</span> <span class='ocrx_word' id='word_1_222' title='bbox 411 2689 606 2747; x_wconf 83' lang='lat' dir='ltr'>Februarium</span> <span class='ocrx_word' id='word_1_223' title='bbox 643 2693 748 2764; x_wconf 83' lang='lat' dir='ltr'>postea</span> <span class='ocrx_word' id='word_1_224' title='bbox 785 2690 905 2764; x_wconf 85' lang='lat' dir='ltr'>quidem</span> <span class='ocrx_word' id='word_1_225' title='bbox 943 2690 1075 2764; x_wconf 88' lang='lat' dir='ltr'>additos,</span> <span class='ocrx_word' id='word_1_226' title='bbox 1109 2685 1150 2746; x_wconf 87' lang='lat' dir='ltr'>scd</span> 
     </span>
     <span class='ocr_line' id='line_1_29' title="bbox 148 2777 1150 2853; baseline -0.001 -17"><span class='ocrx_word' id='word_1_227' title='bbox 148 2778 317 2837; x_wconf 89' lang='lat' dir='ltr'>nominibus</span> <span class='ocrx_word' id='word_1_228' title='bbox 345 2778 406 2836; x_wconf 90' lang='lat' dir='ltr'>iam</span> <span class='ocrx_word' id='word_1_229' title='bbox 430 2797 465 2837; x_wconf 81' lang='lat' dir='ltr'>er</span> <span class='ocrx_word' id='word_1_230' title='bbox 488 2777 575 2836; x_wconf 88' lang='lat' dir='ltr'>Latio</span> <span class='ocrx_word' id='word_1_231' title='bbox 599 2781 739 2853; x_wconf 83' lang='lat' dir='ltr'>sumptis3</span> <span class='ocrx_word' id='word_1_232' title='bbox 770 2781 800 2836; x_wconf 88' lang='lat' dir='ltr'>et</span> <span class='ocrx_word' id='word_1_233' title='bbox 822 2777 996 2837; x_wconf 78' lang='lat' dir='ltr'>Ianuarium</span> <span class='ocrx_word' id='word_1_234' title='bbox 1022 2779 1058 2838; x_wconf 88' lang='lat' dir='ltr'>ab</span> <span class='ocrx_word' id='word_1_235' title='bbox 1079 2777 1150 2836; x_wconf 83' lang='lat' dir='ltr'>Iano.</span> 
     </span>
     <span class='ocr_line' id='line_1_30' title="bbox 150 2867 1150 2941; baseline -0.006 -15"><span class='ocrx_word' id='word_1_236' title='bbox 150 2869 197 2926; x_wconf 92' lang='lat' dir='ltr'>cui</span> <span class='ocrx_word' id='word_1_237' title='bbox 222 2867 389 2926; x_wconf 86' lang='lat' dir='ltr'>adtributus</span> <span class='ocrx_word' id='word_1_238' title='bbox 413 2871 470 2941; x_wconf 85' lang='lat' dir='ltr'>est,</span> <span class='ocrx_word' id='word_1_239' title='bbox 500 2886 608 2926; x_wconf 88' lang='lat' dir='ltr'>nomen</span> <span class='ocrx_word' id='word_1_240' title='bbox 630 2870 768 2941; x_wconf 82' lang='lat' dir='ltr'>traxisse,</span> <span class='ocrx_word' id='word_1_241' title='bbox 792 2867 988 2926; x_wconf 82' lang='lat' dir='ltr'>Februarium</span> <span class='ocrx_word' id='word_1_242' title='bbox 1012 2888 1030 2927; x_wconf 84' lang='lat' dir='ltr'>a</span> <span class='ocrx_word' id='word_1_243' title='bbox 1051 2867 1150 2926; x_wconf 84' lang='lat' dir='ltr'>februo.</span> 
     </span>
     <span class='ocr_line' id='line_1_31' title="bbox 150 2955 1151 3033; baseline -0.005 -18"><span class='ocrx_word' id='word_1_244' title='bbox 150 2961 195 3015; x_wconf 88' lang='lat' dir='ltr'>cst</span> <span class='ocrx_word' id='word_1_245' title='bbox 230 2956 367 3015; x_wconf 76' lang='lat' dir='ltr'>februum</span> <span class='ocrx_word' id='word_1_246' title='bbox 400 2955 546 3030; x_wconf 91' lang='lat' dir='ltr'>quidquid</span> <span class='ocrx_word' id='word_1_247' title='bbox 582 2957 648 3030; x_wconf 89' lang='lat' dir='ltr'>piat</span> <span class='ocrx_word' id='word_1_248' title='bbox 684 2961 855 3033; x_wconf 77' lang='lat' dir='ltr'>purgatque</span> <span class='ocrx_word' id='word_1_249' title='bbox 892 2962 923 3015; x_wconf 89' lang='lat' dir='ltr'>et</span> <span class='ocrx_word' id='word_1_250' title='bbox 958 2957 1151 3016; x_wconf 79' lang='lat' dir='ltr'>februamenta</span> 
     </span>
     <span class='ocr_line' id='line_1_32' title="bbox 109 3045 1150 3123; baseline 0 -23"><span class='ocrx_word' id='word_1_251' title='bbox 109 3061 134 3100; x_wconf 82' lang='lat' dir='ltr'>rs</span> <span class='ocrx_word' id='word_1_252' title='bbox 149 3047 361 3123; x_wconf 88' lang='lat' dir='ltr'>purgamenta,</span> <span class='ocrx_word' id='word_1_253' title='bbox 403 3046 475 3102; x_wconf 86' lang='lat' dir='ltr'>item</span> <span class='ocrx_word' id='word_1_254' title='bbox 512 3045 647 3104; x_wconf 82' lang='lat' dir='ltr'>februare</span> <span class='ocrx_word' id='word_1_255' title='bbox 683 3065 812 3122; x_wconf 89' lang='lat' dir='ltr'>purgare</span> <span class='ocrx_word' id='word_1_256' title='bbox 849 3049 879 3104; x_wconf 87' lang='lat' dir='ltr'>et</span> <span class='ocrx_word' id='word_1_257' title='bbox 914 3066 1023 3120; x_wconf 90' lang='lat' dir='ltr'>purum</span> <span class='ocrx_word' id='word_1_258' title='bbox 1059 3046 1150 3104; x_wconf 82' lang='lat' dir='ltr'>lacero.</span> 
     </span>
     <span class='ocr_line' id='line_1_33' title="bbox 149 3133 1151 3210; baseline -0.003 -18"><span class='ocrx_word' id='word_1_259' title='bbox 149 3134 284 3193; x_wconf 84' lang='lat' dir='ltr'>februum</span> <span class='ocrx_word' id='word_1_260' title='bbox 309 3138 409 3193; x_wconf 87' lang='lat' dir='ltr'>autem</span> <span class='ocrx_word' id='word_1_261' title='bbox 431 3152 491 3192; x_wconf 91' lang='lat' dir='ltr'>non</span> <span class='ocrx_word' id='word_1_262' title='bbox 513 3133 593 3192; x_wconf 92' lang='lat' dir='ltr'>idem</span> <span class='ocrx_word' id='word_1_263' title='bbox 611 3151 824 3210; x_wconf 84' lang='lat' dir='ltr'>usquequaque</span> <span class='ocrx_word' id='word_1_264' title='bbox 843 3134 966 3210; x_wconf 72' lang='lat' dir='ltr'>dicitiu3</span> <span class='ocrx_word' id='word_1_265' title='bbox 988 3155 1058 3194; x_wconf 86' lang='lat' dir='ltr'>nam</span> <span class='ocrx_word' id='word_1_266' title='bbox 1076 3133 1151 3192; x_wconf 85' lang='lat' dir='ltr'>aliter</span> 
     </span>
     <span class='ocr_line' id='line_1_34' title="bbox 150 3221 1151 3301; baseline -0.004 -19"><span class='ocrx_word' id='word_1_267' title='bbox 150 3223 181 3282; x_wconf 91' lang='lat' dir='ltr'>in</span> <span class='ocrx_word' id='word_1_268' title='bbox 201 3224 268 3284; x_wconf 88' lang='lat' dir='ltr'>aliis</span> <span class='ocrx_word' id='word_1_269' title='bbox 292 3224 383 3282; x_wconf 88' lang='lat' dir='ltr'>sacris</span> <span class='ocrx_word' id='word_1_270' title='bbox 402 3222 567 3297; x_wconf 88' lang='lat' dir='ltr'>februatur,</span> <span class='ocrx_word' id='word_1_271' title='bbox 591 3221 646 3282; x_wconf 88' lang='lat' dir='ltr'>hoc</span> <span class='ocrx_word' id='word_1_272' title='bbox 670 3227 716 3282; x_wconf 88' lang='lat' dir='ltr'>est</span> <span class='ocrx_word' id='word_1_273' title='bbox 738 3227 892 3301; x_wconf 85' lang='lat' dir='ltr'>purgetur.</span> <span class='ocrx_word' id='word_1_274' title='bbox 930 3225 961 3282; x_wconf 93' lang='lat' dir='ltr'>in</span> <span class='ocrx_word' id='word_1_275' title='bbox 984 3224 1041 3284; x_wconf 86' lang='lat' dir='ltr'>hoc</span> <span class='ocrx_word' id='word_1_276' title='bbox 1063 3227 1151 3282; x_wconf 78' lang='lat' dir='ltr'>autem</span> 
     </span>
     <span class='ocr_line' id='line_1_35' title="bbox 148 3311 1151 3386; baseline -0.002 -16"><span class='ocrx_word' id='word_1_277' title='bbox 148 3331 248 3371; x_wconf 90' lang='lat' dir='ltr'>mense</span> <span class='ocrx_word' id='word_1_278' title='bbox 271 3311 495 3386; x_wconf 82' lang='lat' dir='ltr'>Lupercalibus,</span> <span class='ocrx_word' id='word_1_279' title='bbox 523 3332 589 3371; x_wconf 91' lang='lat' dir='ltr'>cum</span> <span class='ocrx_word' id='word_1_280' title='bbox 613 3313 708 3371; x_wconf 84' lang='lat' dir='ltr'>Roma</span> <span class='ocrx_word' id='word_1_281' title='bbox 735 3313 890 3386; x_wconf 84' lang='lat' dir='ltr'>lustratur,</span> <span class='ocrx_word' id='word_1_282' title='bbox 918 3313 1010 3372; x_wconf 84' lang='lat' dir='ltr'>salem</span> <span class='ocrx_word' id='word_1_283' title='bbox 1035 3312 1151 3372; x_wconf 86' lang='lat' dir='ltr'>calidum</span> 
     </span>
     <span class='ocr_line' id='line_1_36' title="bbox 149 3399 1151 3478; baseline 0.002 -24"><span class='ocrx_word' id='word_1_284' title='bbox 149 3399 262 3470; x_wconf 86' lang='lat' dir='ltr'>lerunt,</span> <span class='ocrx_word' id='word_1_285' title='bbox 292 3399 372 3473; x_wconf 90' lang='lat' dir='ltr'>quod</span> <span class='ocrx_word' id='word_1_286' title='bbox 403 3399 539 3457; x_wconf 85' lang='lat' dir='ltr'>februum</span> <span class='ocrx_word' id='word_1_287' title='bbox 567 3401 739 3477; x_wconf 77' lang='lat' dir='ltr'>appellant,</span> <span class='ocrx_word' id='word_1_288' title='bbox 763 3400 841 3459; x_wconf 85' lang='lat' dir='ltr'>unde</span> <span class='ocrx_word' id='word_1_289' title='bbox 869 3401 931 3459; x_wconf 88' lang='lat' dir='ltr'>dies</span> <span class='ocrx_word' id='word_1_290' title='bbox 954 3401 1151 3478; x_wconf 85' lang='lat' dir='ltr'>Lupercalium</span> 
     </span>
    </p>
   </div>
   <div class='ocr_carea' id='block_1_6' title="bbox 108 3485 1153 3626">
    <p class='ocr_par' dir='ltr' id='par_1_7' title="bbox 108 3485 1153 3626">
     <span class='ocr_line' id='line_1_37' title="bbox 108 3485 1153 3625; baseline 0.006 -87"><span class='ocrx_word' id='word_1_291' title='bbox 108 3499 135 3538; x_wconf 80' lang='lat' dir='ltr'>so</span> <span class='ocrx_word' id='word_1_292' title='bbox 149 3486 268 3625; x_wconf 50' lang='lat' dir='ltr'>proqrite</span> <span class='ocrx_word' id='word_1_293' title='bbox 309 3485 463 3543; x_wconf 88' lang='lat' dir='ltr'>februatus</span> <span class='ocrx_word' id='word_1_294' title='bbox 500 3494 530 3544; x_wconf 89' lang='lat' dir='ltr'>et</span> <span class='ocrx_word' id='word_1_295' title='bbox 567 3489 604 3546; x_wconf 84' lang='lat' dir='ltr'>ab</span> <span class='ocrx_word' id='word_1_296' title='bbox 641 3509 675 3546; x_wconf 92' lang='lat' dir='ltr'>eo</span> <span class='ocrx_word' id='word_1_297' title='bbox 711 3508 801 3564; x_wconf 90' lang='lat' dir='ltr'>porro</span> <span class='ocrx_word' id='word_1_298' title='bbox 837 3492 946 3548; x_wconf 86' lang='lat' dir='ltr'>mensis</span> <span class='ocrx_word' id='word_1_299' title='bbox 983 3490 1153 3550; x_wconf 81' lang='lat' dir='ltr'>Febmarins</span> 
     </span>
     <span class='ocr_line' id='line_1_38' title="bbox 148 3585 304 3626; baseline 0 0"><span class='ocrx_word' id='word_1_300' title='bbox 148 3585 214 3626; x_wconf 78' lang='lat' dir='ltr'>roci</span> <span class='ocrx_word' id='word_1_301' title='bbox 229 3585 247 3626; x_wconf 89' lang='lat' dir='ltr'>a</span> <span class='ocrx_word' id='word_1_302' title='bbox 261 3589 304 3626; x_wconf 88' lang='lat' dir='ltr'>ur.</span> 
     </span>
    </p>
   </div>
   <div class='ocr_carea' id='block_1_7' title="bbox 0 0 1230 3902">
    <p class='ocr_par' dir='ltr' id='par_1_8' title="bbox 0 0 1230 3902">
     <span class='ocr_line' id='line_1_39' title="bbox 0 0 1230 3902; baseline 0 0"><span class='ocrx_word' id='word_1_303' title='bbox 0 0 1230 3902; x_wconf 95' lang='lat' dir='ltr'> </span> 
     </span>
    </p>
   </div>
  </div>
 </body>
</html>
