2444 3902
391 215 428 269 M.
448 215 595 270 Terentius
614 214 703 270 Varro
990 214 1055 278 217

107 376 190 432 Oltam
207 394 235 446 p.
256 382 319 443 107,
332 379 370 431 23
388 379 417 431 et
434 375 499 430 ideo
517 391 575 430 mr.
594 376 682 430 Varro
702 375 774 430 dixit
792 376 827 430 de
847 375 982 430 scaenicis
1001 375 1057 430 ori·

29 447 151 517 ginibus
169 480 203 489 -
221 447 315 502 tertio.
340 449 374 516 cf.
393 449 430 514 fr.
446 451 488 502 71.
516 447 519 451 ’
731 467 734 472 ·

525 581 567 640 75

103 690 123 746 l.
146 689 211 747 ΙΙΙ.
258 688 319 748 ubi
342 689 519 764 compitus
544 692 622 746 erat
645 688 782 763 aliquis

108 787 183 842 Nou.
229 791 350 853 .196,5
370 787 494 856 compita
517 817 551 826 -
573 786 730 841 masculino
750 787 838 841 Varro
861 786 897 840 de
920 784 1057 839 scaenicis

33 857 193 927 originibus
203 804 261 912 lib.
280 858 331 913 III:
350 873 391 912 aar
404 889 431 898 -
444 872 531 921 suque.

525 1011 567 1067 76

105 1116 196 1174 huno
218 1116 467 1175 calamistrum

112 1213 190 1270 clear.
226 1219 292 1282 .80,
307 1220 340 1269 11
356 1217 400 1282 (=
416 1215 490 1270 Pliu.
506 1213 568 1268 aut.
583 1232 660 1269 serm.
671 1232 702 1284 p.
718 1218 762 1281 60,
778 1220 812 1269 17
817 1215 864 1284 Β.)
879 1212 1056 1268 calamistros

39 1282 137 1340 Cicero
154 1287 182 1340 ir
200 1232 320 1341 gratare
339 1286 398 1356 [78.
418 1285 544 1340 oratione
562 1287 635 1341 eod.-
653 1303 700 1340 em.
721 1285 882 1356 Fabricius]
901 1283 1056 1339 masculino

40 1355 114 1411 dixit
138 1359 165 1412 et
182 1357 272 1412 Varro
298 1357 334 1410 de
360 1357 496 1412 scaenicis
522 1357 677 1427 originibus
696 1372 718 1411 u.
737 1383 755 1411 a
779 1358 812 1411 dc
836 1357 993 1411 adomim
1018 1356 1057 1410 ad

40 1435 202 1498 apparatam
221 1430 376 1484 scaenicum
390 1431 542 1498 pertinenti
563 1431 598 1496 of.
618 1429 746 1494 Norden,
769 1428 823 1482 Ru.
844 1429 919 1482 Mus.
935 1431 980 1494 48,
995 1431 1055 1482 649.

108 1668 368 1744 Triptolemum
525 1582 566 1637 77

112 1766 182 1822 Sero.
202 1769 279 1822 Dan.
298 1786 324 1838 9.
349 1773 375 1834 1,
395 1772 430 1822 19
448 1766 536 1820 Varro
561 1766 597 1821 do
620 1766 756 1820 scaenicis
779 1765 936 1836 originibus
959 1765 1004 1820 vel
1027 1765 1058 1818 in
1136 1805 1138 1812 ,

46 1833 144 1892 Scauro
169 1839 216 1910 [fe.
239 1839 288 1910 78]
314 1837 519 1908 Triptolemum
544 1837 623 1891 dicit.
669 1838 781 1894 Servius
805 1839 867 1908 quis
892 1844 1058 1893 mmwtrator

48 1911 133 1964 aratri
151 1910 237 1977 fuerit
260 1911 392 1980 amputat.
475 1912 507 1965 de
529 1911 635 1964 dualem
658 1910 736 1965 enm
758 1911 807 1965 toa
830 1911 887 1964 loco
911 1909 1057 1975 dutinetic,

47 1980 91 2032 uti
110 1980 168 2035 ‘oei’
184 1983 328 2050 particula
342 1999 396 2052 pro
416 1982 462 2036 ‘et'
482 1987 684 2050 usurparant,
707 1982 742 2047 cf.
762 1981 886 2047 Norden,
905 1981 958 2036 Ru,
979 1981 1056 2035 Mas.

50 2053 89 2117 48,
103 2055 195 2122 529aq.
225 2054 349 2120 (Usener,
372 2053 455 2108 siut.
475 2054 501 2107 d.
521 2054 623 2124 Bayer.
643 2053 734 2106 Altad.
753 2052 895 2121 dict-phil.
916 2052 955 2107 Ol.
982 2055 1058 2106 1899

44 2127 151 2192 12604).
180 2125 335 2194 ceteroquin
352 2125 405 2180 isto
423 2127 455 2179 im
472 2141 567 2196 uenere
585 2125 693 2178 uuttmu
712 2124 827 2179 dubium
845 2139 899 2178 esse
912 2128 1010 2193 potest,
1032 2125 1060 2178 si

49 2195 285 2250 animadvertimus
312 2195 448 2250 &aarum
474 2197 556 2250 alteri
582 2196 759 2264 inscriptioni
785 2196 967 2265 postpositum
994 2211 1058 2260 esee,

49 2279 105 2318 mm
126 2267 155 2319 iu
177 2267 339 2337 lupanaris
362 2284 461 2322 nounu
489 2266 608 2321 hominis
631 2283 723 2322 rerum
751 2267 931 2336 appellationi
955 2283 1058 2335 semper

49 2343 155 2406 comat,
172 2340 244 2393 sicut
263 2339 348 2393 Gutus
367 2339 400 2393 de
417 2340 510 2394 liberis
528 2339 678 2393 educandis
698 2337 782 2394 Cierio
801 2339 834 2392 de
852 2338 963 2393 deorum
981 2338 1058 2392 cultu

51 2405 145 2463 &mter
162 2410 194 2462 de
212 2411 327 2464 insania
346 2416 391 2464 ete.

467 2631 628 2687 SOAURUS

112 2755 182 2811 tune
201 2757 386 2827 lapistoricum
405 2759 475 2813 libro
493 2759 537 2812 De
549 2773 639 2812 scaen.
654 2758 721 2828 arip.
736 2758 852 2812 mutium
870 2773 924 2811 esee
942 2755 1058 2811 Norden

50 2824 234 2883 denumeravit
257 2828 321 2895 (Ru.
338 2829 413 2883 Mus.
428 2833 475 2894 48,
489 2831 606 2899 59999).
640 2830 758 2883 eiusdem
776 2830 875 2898 srapm.
895 2829 1059 2898 colleperuut

51 2895 122 2953 Riese
138 2906 162 2954 et
182 2900 323 2969 Utappuie
341 2900 407 2954 ibid.

393 3051 437 3109 78
459 3044 540 3129 [256
563 3051 587 3108 I
604 3045 704 3130 Riese]

108 3156 367 3232 Triptolemum

112 3255 183 3311 Serv.
203 3256 281 3310 Dan.
299 3273 325 3326 9.
341 3258 513 3324 1,19=sr.
530 3260 565 3310 77

436 3409 479 3466 79
503 3400 659 3488 [25611]

68 3602 87 3659 't
108 3511 201 3573 Varro
230 3514 262 3571 in
292 3513 403 3572 Scauro
432 3514 534 3573 baltea
564 3514 640 3572 dixit
668 3518 698 3573 et
721 3515 850 3574 Tuscum
880 3514 1057 3574 vocabulum

50 3618 74 3658 ar
107 3620 166 3664 esse
