2480 3904
178 192 243 256 498
345 193 551 249 Grammaticus
571 194 674 247 aetatis
693 194 855 263 Augusteae
873 193 1033 261 fragmenta

179 360 206 418 ei
229 361 367 419 reddidit.
414 362 501 420 Asini
524 361 683 421 Pollionis:
710 349 816 420 h'uius
841 381 924 438 ergo
948 361 1018 420 viri
1040 363 1097 419 tot
1117 361 1177 416 tan·

177 450 298 525 tisque
336 452 504 525 operibus
542 453 703 510 mansuri
734 451 770 508 in
803 469 902 508 omne
940 468 1063 510 aarum
1095 467 1178 524 prae·

139 550 164 590 1⁵
180 537 301 597 dicare
332 540 373 624 de
404 540 552 618 ingenio
577 543 684 616 atque
708 539 894 597 industria
917 535 1180 614 superva<ouum

179 622 261 704 est).
295 631 426 687 natura
440 633 558 687 autem
574 632 682 704 atque
701 628 849 687 fortuna
867 630 1008 704 pariter
1026 627 1181 687 obsecuta

179 718 233 775 est
265 717 312 792 ai,
349 720 379 776 si
412 717 555 793 quidem
590 719 704 776 facies
742 718 870 776 decora
903 717 947 776 ad
978 718 1184 778 senectutem

178 824 423 882 prosperaque
442 808 644 882 permansit
662 807 848 880 valetudo,
866 810 942 865 tum
959 826 1028 882 pax
1041 807 1184 874 diutina,

179 894 280 953 cuius
310 897 513 954 instructus
542 898 620 955 erat
648 895 804 969 artibus,
834 896 1000 972 contigit,
1046 910 1184 968 namque

139 1004 165 1043 ao
180 984 222 1043 ad
250 984 408 1058 priscam
436 986 671 1044 severitatem
698 984 847 1044 iudiciis
878 987 1016 1044 exactis
1046 984 1183 1042 maxima

179 1074 367 1131 noxiorum
397 1073 595 1132 multitudo
627 1076 828 1148 provenit,
863 1092 950 1149 quos
981 1074 1181 1132 obstrictos

179 1163 385 1238 patrocinio
404 1163 603 1221 incolumes
622 1163 815 1238 plerosque
833 1162 998 1221 habebat.
1032 1165 1101 1221 iam
1115 1157 1182 1217 seli·

180 1251 325 1310 cissima
361 1252 592 1312 consulatus
628 1253 659 1309 ei
692 1270 768 1311 sors
803 1251 952 1327 petendi
984 1255 1020 1310 et
1051 1245 1183 1330 gerendi

180 1333 323 1421 (magna
344 1360 491 1399 munera
519 1333 635 1421 deum)
665 1340 819 1399 oonsilio
847 1341 1102 1416 industriaque
1124 1337 1184 1394 uti·

139 1449 258 1490 arnam
281 1429 505 1488 moderatius
536 1430 710 1489 secundas
733 1448 789 1488 res
813 1433 847 1488 et
868 1431 1004 1490 fortius
1028 1430 1183 1489 adversas

179 1517 273 1576 ferre
296 1519 493 1593 potuisset!
530 1538 681 1594 namque
703 1521 878 1594 utraeque
902 1537 979 1577 oum
1003 1515 1184 1578 evenerant

181 1607 227 1680 ei,
255 1608 388 1666 mutari
416 1627 474 1667 eas
502 1627 571 1667 non
599 1625 703 1684 posse
730 1608 887 1666 rebatur.
929 1607 1012 1667 inde
1040 1609 1120 1666 sunt
1141 1604 1183 1660 in·

180 1695 301 1755 vidiae
324 1699 561 1772 tempestates
580 1699 726 1756 coortae
745 1714 873 1772 graves
896 1699 933 1754 in
953 1716 1028 1756 eum
1047 1695 1183 1756 certior·

182 1804 246 1860 que
279 1785 439 1844 inimicis
476 1785 713 1864 adgrediendi
748 1785 903 1860 fiducia3
939 1787 1073 1845 maiore
1104 1781 1182 1842 anim

140 1895 166 1935 ao
181 1874 387 1934 simultates
425 1875 620 1951 adpetebat
653 1875 770 1933 animo
805 1893 907 1950 quam
936 1874 1091 1952 gerebat.
1132 1865 1182 1928 sed

182 1963 322 2038 quando
349 1965 559 2023 mortalium
581 1963 677 2021 nulli
700 1966 818 2022 virtus
841 1965 1005 2039 perfecta
1028 1959 1182 2036 contigit,

181 2071 249 2128 qua
267 2051 380 2111 maior
399 2072 481 2129 pars
499 2054 597 2112 vitae
616 2057 725 2128 atque
743 2053 884 2130 ingenii
903 2054 1024 2128 stetit,
1045 2073 1085 2112 ea
1101 2045 1179 2108 iudi·

181 2141 329 2200 candum
357 2142 397 2198 de
425 2143 565 2202 homine
593 2145 655 2200 est.
705 2144 812 2217 atque
843 2160 906 2218 ego
934 2161 976 2200 ne
1003 2133 1180 2200 miserandi

181 2230 323 2305 quidem
342 2229 461 2290 exitus
481 2250 557 2289 eum
575 2230 689 2289 fuisse
707 2230 919 2304 iudicarem,
939 2231 1012 2289 nisi
1030 2231 1178 2306 ipsoram

140 2341 166 2380 rc
180 2321 345 2378 miseram
369 2323 516 2379 mortem
538 2322 714 2394 putasset.

253 2399 314 2454 Seu.
328 2417 401 2455 auos.
418 2405 444 2468 6,
455 2406 489 2455 14
507 2415 613 2463 quoniam
631 2415 656 2454 m
669 2415 728 2454 aare
742 2432 769 2440 —-
782 2415 909 2462 permanat.
922 2432 949 2439 -
966 2400 1026 2472 [15]
1045 2413 1179 2470 amec-mc

181 2503 208 2511 -
226 2498 293 2526 ausus
314 2486 348 2525 sit.
367 2504 393 2511 -
412 2471 471 2542 [24]
494 2485 567 2526 Pollio
590 2497 678 2534 quoquo
696 2493 725 2511 -'
741 2489 846 2534 putasset.
891 2473 924 2526 de
946 2473 1048 2527 Asinio
1071 2469 1178 2544 ΑΡΡΜ*

181 2545 215 2612 (b.
231 2561 251 2598 c.
271 2547 298 2609 2,
313 2547 358 2612 15)
382 2549 491 2597 auctore
509 2545 543 2609 cf.
563 2544 642 2598 Peter
656 2560 686 2612 p.
704 2543 880 2597 LXXXXI.
917 2545 942 2596 r‘s
961 2545 1042 2598 uiam
1062 2544 1178 2598 umus

182 2617 316 2670 erationis
334 2616 404 2668 uitia
422 2615 606 2683 compluribus
625 2616 691 2668 locis
709 2616 847 2669 insecutus
865 2621 903 2668 est
921 2614 1028 2684 (Quint.
1043 2619 1087 2679 12,
1100 2607 1175 2678 atd-

253 2710 269 2756 3
286 2703 354 2770 quin
368 2705 390 2755 I
392 2703 592 2758 FGroucuius:
608 2720 662 2770 que
735 2709 750 2756 ὅ
765 2719 847 2771 posse
861 2719 925 2757 eum
940 2705 1076 2774 Kiessla'uq
1087 2710 1176 2772 porram

182 2778 222 2830 vel
245 2791 327 2844 posse
351 2775 426 2830 codd.
501 2780 516 2826 ‘1
541 2773 628 2828 adice.
650 2774 874 2830 GFWMucller:
899 2777 1049 2842 ceteraque
1116 2771 1142 2824 at
1159 2781 1176 2816 θ’

184 2847 355 2901 OFWMue.
371 2848 402 2899 ut
416 2845 470 2899 tibi
481 2846 556 2900 codd.
573 2848 605 2899 ut
619 2845 660 2899 ibi
675 2845 710 2899 H
713 2847 832 2900 Mueller
900 2851 932 2900 13
946 2845 1054 2914 redidit
1067 2847 1174 2904 Aaou·

181 2918 276 2971 reddit
300 2919 356 2972 rell.
432 2923 465 2971 14
492 2917 643 2970 mansuris:
672 2934 720 2971 em.
746 2918 874 2972 Bursr'uu
947 2922 981 2970 15
1008 2931 1144 2992 supervere·¹
1159 2923 1175 2988 9-

182 2989 285 3045 suoru
313 2989 433 3058 superba
507 2993 539 3043 18
565 2991 633 3042 tunc
705 2992 739 3041 20
765 3004 782 3041 a
805 2988 899 3057 prisca
922 2989 1072 3044 severitate
1096 2985 1175 3062 iudicis

183 3059 276 3114 exacti
288 3060 473 3115 maximorum
488 3076 564 3113 nox.:
585 3077 632 3114 cm.
649 3058 806 3114 Gronovius
873 3065 908 3112 24
924 3061 1175 3120 mzauacauaur

178 3149 250 3186 uum
264 3139 328 3201 post
346 3132 430 3185 doum
444 3134 540 3200 posuit
553 3133 640 3197 Peter,
655 3132 707 3185 alii
721 3133 780 3185 utta
794 3137 994 3199 uuptavemut
1065 3137 1097 3186 26
1114 3137 1175 3182 reae·

182 3206 259 3258 rantz
286 3221 333 3258 eru.
359 3204 531 3258 OFWMuc.
611 3208 645 3256 28
671 3219 712 3272 gr·
735 3203 766 3256 in
790 3218 822 3255 eo
845 3203 921 3257 codd.
950 3203 1133 3273 gravissimae,
1152 3207 1174 3246 00

184 3275 318 3344 Kicssla'uy
391 3279 424 3326 29
444 3273 562 3327 maiores

538 3431 722 3486 INCERTAE
742 3432 843 3487 sams

254 3518 348 3569 ubido
366 3534 460 3584 yeracre
478 3525 502 3571 et
520 3536 632 3574 uuuwro
650 3524 794 3576 nominum
813 3524 857 3590 (fr.
873 3527 898 3576 5.
919 3525 947 3590 6)
966 3529 992 3578 et
1009 3524 1042 3577 de
1060 3523 1175 3592 certemd

184 3586 280 3646 ferrura
303 3587 348 3650 (fr.
364 3589 390 3652 7)
414 3590 532 3642 Asinius
554 3591 737 3658 disputaverit
759 3595 834 3661 (uam
858 3596 926 3663 qua‘u
947 3594 971 3648 is
990 3611 1008 3647 a
1029 3591 1176 3649 cuderet
