2504 3904
149 173 215 237 532
316 171 521 226 Grammaticus
541 171 643 224 aetatis
662 172 822 239 Augusteae
842 169 1000 239 fragmenta

148 359 223 400 sum
247 340 445 414 evaserint,
479 341 695 415 praesertim
723 356 799 396 cum
825 337 879 396 ita
903 339 952 396 sit
977 337 1096 395 fabula
1117 335 1149 392 de

147 430 282 488 Theseo
313 431 422 504 atque
450 430 482 487 si
509 427 683 486 Hercules
712 447 788 486 eum
816 427 988 485 evellerit
1015 446 1030 484 e
1060 428 1150 501 petra

147 519 242 578 etin
265 519 380 577 lucem
403 517 446 575 ad
471 535 619 592 superos
643 513 830 576 eduxerit?

222 617 290 671 Gall.
309 618 375 672 6666.
391 621 424 671 11
443 631 497 670 uem
510 631 554 670 noo
567 648 594 654 -
609 629 724 668 eduxeras
743 616 778 683 cf.
797 615 872 670 Sere.
891 615 960 670 Aea.
980 619 1007 681 6,
1026 618 1085 668 617.

221 730 317 778 26666
342 724 433 780 Paris.
453 729 477 777 et
501 723 577 776 codd.
601 723 667 788 fam.
692 725 739 776 alt.
829 739 903 776 mors
927 721 1003 776 codd.
1027 723 1091 788 fam.
1114 721 1153 772 alt.

148 803 166 849 4
181 794 297 848 dixisset
314 797 374 849 6666
392 810 447 862 que
465 795 550 848 Bora.
571 793 662 848 Pares.
688 795 761 848 Voss.
781 793 845 847 Lat.
864 794 896 846 F
912 797 929 847 7

611 937 630 992 9
671 938 690 992 4

216 1045 289 1101 item
303 1044 335 1100 in
344 1043 390 1102 his
400 1041 536 1101 versibus
546 928 837 1118 errasselVlargilium
846 1041 919 1099 dicit
934 1035 1022 1119 [Aen.
1034 1043 1061 1108 6,
1072 1033 1155 1118 838];

151 1127 264 1191 ‘eruet
299 1132 364 1190 ille
396 1130 513 1208 Argos
545 1130 919 1207 Agamemnoniasque
950 1121 1156 1205 Mycenas!

149 1221 337 1297 ipsumque
360 1219 555 1294 Aeaciden,
582 1238 693 1296 genus
717 1220 973 1293 armipotentis
996 1209 1157 1292 Achillif

150 1312 249 1368 ultus
278 1327 363 1369 avos
386 1308 528 1383 Troiae,
556 1308 691 1384 templa
719 1310 936 1368 intemerata
959 1299 1154 1366 Minervae'.

123 1399 319 1458 sconfudit
345 1399 445 1474 inquit
473 1402 507 1457 et
537 1414 709 1473 personas
740 1397 903 1457 diversas
931 1401 966 1456 et
992 1401 1154 1472 tempora3

86 1541 100 1567 s
153 1508 234 1546 nam
262 1506 375 1563 neque
412 1487 540 1546 eodem
577 1489 750 1562 tempore
782 1505 895 1562 neque
927 1506 989 1562 per
1016 1486 1153 1544 eosdem

151 1577 311 1636 homines
336 1595 411 1635 cum
435 1576 587 1634 Achaeis
611 1579 645 1634 et
668 1595 743 1635 cum
766 1575 878 1650 Pyrro
905 1575 1079 1634 bellatum
1100 1575 1153 1632 est.

151 1665 285 1741 Pyrrus
314 1666 418 1739 enim,
450 1684 551 1739 quem
582 1664 672 1723 dicit
698 1664 892 1740 Aeaciden,
923 1664 964 1723 de
991 1665 1096 1739 Epiro
1124 1663 1152 1719 in

151 1756 299 1814 Italiam
335 1758 586 1830 transgressus
624 1772 700 1811 cum
735 1753 904 1812 Romanis
942 1751 1153 1830 depugnavit

112 1860 137 1899 ro
152 1845 325 1904 adversus
361 1843 531 1902 Manium
563 1841 719 1900 Curium
755 1844 791 1900 in
828 1863 866 1902 eo
903 1843 999 1903 bello
1036 1842 1150 1900 ducem.

151 1933 324 2010 Argivum
356 1936 476 1990 autem
507 1932 644 1990 bellum
672 1931 708 1989 id
741 1935 795 1990 est
822 1932 1017 1991 Achaicum
1042 1929 1151 1988 multis

151 2025 234 2098 post
261 2023 364 2081 annis
392 2041 410 2079 a
437 2020 470 2078 L.
493 2021 659 2079 Mummio
687 2023 907 2096 imperatore
938 2023 1075 2098 gestum
1099 2019 1150 2076 est.

151 2114 274 2187 potest
301 2112 418 2188 igitur
445 2110 544 2185 inquit
570 2109 707 2169 medius
738 2112 844 2168 eximi
871 2128 1009 2183 versuo,
1038 2109 1094 2185 qui
1119 2106 1151 2164 de

153 2200 274 2278 Pyrro
310 2202 504 2275 inportune
541 2199 711 2257 inmissus
746 2202 815 2272 est,
852 2218 954 2273 quem
985 2197 1151 2274 Vergilius

114 2290 279 2366 asprocul
303 2288 410 2347 dubio
435 2290 662 2363 exempturus
686 2288 785 2362 inquit
806 2288 886 2346 fuit.

227 2388 294 2442 Gall.
313 2386 379 2442 ibid.
395 2391 430 2441 14
447 2400 500 2440 uem
513 2400 538 2440 m
550 2400 587 2440 na
599 2418 626 2425 -
639 2400 713 2449 inquit
725 2400 774 2440 fuis
803 2387 837 2454 cf.
852 2387 926 2442 Sera.
941 2388 1010 2441 Aen.
1027 2391 1052 2452 6,
1066 2389 1123 2440 839.

224 2496 288 2562 let
306 2495 444 2547 temerata
468 2493 544 2563 Vere.
662 2498 678 2546 8
702 2492 868 2562 (a)eacidem
886 2495 979 2548 Paris.
998 2493 1064 2546 ·ida
1081 2493 1152 2546 Bora

159 2567 231 2620 Voss.
252 2567 316 2620 Lat.
336 2566 396 2619 F7
418 2564 519 2633 7id(a)e
538 2566 595 2618 rell.
669 2564 704 2616 de
728 2579 814 2632 epyro
834 2566 931 2635 Regin.
952 2568 1007 2618 597
1026 2565 1060 2618 de
1082 2577 1152 2632 pyrro

154 2639 250 2708 Regia
271 2641 344 2690 1646
363 2636 417 2690 dea
440 2654 454 2689 6
479 2652 547 2704 pyro
568 2637 641 2690 Voss.
661 2636 725 2689 Lot.
749 2637 779 2689 F
792 2640 845 2690 112
867 2637 896 2688 et
919 2654 934 2688 e
957 2635 1034 2704 pirro
1058 2638 1152 2706 (epyrro

153 2710 256 2778 Paris.)
275 2709 332 2764 rell.
407 2712 440 2760 10
456 2706 593 2760 manlium
611 2708 703 2761 Paris.

222 2975 292 3016 sane
316 2955 465 3016 Hesiodus
489 2950 591 3034 [throp.
613 2950 713 3035 1011]
736 2955 877 3014 Latinum
900 2953 997 3015 Circes
1020 2960 1051 3015 et
1074 2954 1154 3014 Ulixis

154 3046 249 3104 filium
265 3045 346 3119 dicit,
365 3045 444 3120 quod
459 3049 489 3104 et
502 3045 654 3122 Vergilius
667 3046 768 3122 tangit
782 3045 904 3103 dicendo
924 3038 1012 3122 [Aea.
1027 3048 1077 3111 12,
1089 3035 1153 3120 161]

156 3130 246 3190 ‘Solis
270 3135 321 3191 avi
346 3128 514 3208 specimen'.
561 3135 612 3192 sed
636 3135 707 3208 quia
729 3137 895 3208 temporum
918 3136 996 3192 ratio
1019 3154 1079 3193 non
1099 3151 1154 3210 pro·

157 3219 242 3293 cedit,
266 3220 342 3277 illud
362 3221 567 3295 accipiendum
585 3225 631 3280 est
649 3222 771 3299 Hygini,
795 3225 846 3298 qui
866 3224 909 3280 ait
927 3222 1052 3282 Latinos
1070 3225 1154 3300 plures

129 3306 256 3378 afuisse,
283 3309 318 3363 ut
340 3307 548 3384 intellegamus
572 3313 693 3385 poetam
716 3310 813 3383 abuti,
843 3315 877 3369 ut
899 3312 988 3384 solet,
1015 3315 1155 3370 nominum

156 3391 357 3452 similitudine.

226 3485 297 3539 Sera
308 3491 377 3541 Aea,
389 3494 414 3554 7,
424 3496 460 3543 47
473 3517 526 3545 sane
534 3525 561 3532 —
569 3508 721 3550 ammaum.
748 3498 841 3551 eadem
854 3500 909 3564 fere
922 3499 1155 3566 6616616161.

155 3559 245 3618 spreta
271 3561 410 3612 coctana
436 3565 570 3616 sententia
592 3581 649 3618 aea
674 3569 813 3621 nullorum
838 3571 882 3637 (cf.
906 3570 1055 3636 Kisalmcr,
1078 3571 1154 3626 aaa
