2444 3902
375 170 412 224 M.
432 169 578 224 Terentius
598 169 686 224 Vsrro
976 168 1038 233 187

13 333 100 387 oemio
121 334 212 400 operis
230 333 320 387 nostri
338 337 423 386 iatum
442 332 595 386 derivatum
613 347 676 396 esse,
700 331 750 384 hoc
768 331 837 386 mihi
854 331 965 386 omnino
983 348 1041 385 nori

13 405 157 472 persimili
170 405 215 471 (cf.
229 403 320 468 Goete,
335 404 410 458 Bcrl.
420 404 493 458 Phil.
506 403 656 459 Wochsohr.
666 405 703 456 21
713 402 892 472 dahrq.1891
903 418 932 470 p.
944 405 1040 471 1033);

13 492 184 543 quamquam
212 477 260 544 qui
286 476 440 545 Aupustiai
466 475 627 544 excerpendi
653 474 787 528 rationem
815 475 891 528 nooit
917 491 952 527 ne
979 491 1040 528 cum

20 547 209 601 Wilmannsio
234 547 342 615 quidem
370 548 529 612 consentiet,
556 563 616 600 eum
645 545 716 600 illud
741 561 775 599 ea
802 545 917 599 diuersis
943 545 1041 598 horarii

14 619 152 671 librorum
166 620 295 687 partibus
313 619 552 672 consarcinaoiese.
584 617 651 685 quid
669 618 757 686 iqitur
774 619 800 670 si
817 617 990 671 admittimus
1008 633 1042 670 ea

15 689 88 743 libro
108 691 142 743 de
159 691 303 744 dialectica
321 690 545 758 Disciplinarum
568 689 632 743 haec
655 686 789 755 tlueuse?
819 703 868 742 nos
887 689 967 754 enim,
993 689 1042 756 qui

15 763 227 828 qrammaticam
246 762 389 828 officinam
411 763 443 813 iu
466 761 591 815 omnibns
615 761 749 814 Varronis
767 761 846 814 libris
864 759 1039 827 deprehendi·

16 848 88 896 mus,
108 833 190 902 lonpa
209 833 362 901 disputatio
380 833 414 885 de
432 831 600 901 etymoloqiis
618 831 794 885 huiusmodi
811 833 842 884 iri
860 832 930 884 libro
949 833 1042 884 minus

18 921 103 969 quam
135 904 348 958 Wilmaunsium
377 906 386 971 (
390 920 419 972 p.
440 906 485 971 19)
518 903 677 969 offenderit,
714 919 797 970 aeque
824 919 857 956 ae
888 903 1042 972 sinqularis

18 989 177 1040 consensus,
205 991 283 1044 quem
310 976 465 1044 Anqustiui
491 975 599 1028 libellus
626 991 686 1028 cairi
714 974 793 1027 libris
818 974 862 1026 De
890 974 907 1026 l.
932 974 1041 1027 Latina

17 1047 139 1112 praebet,
155 1049 181 1101 si
198 1047 307 1115 quidem
326 1064 408 1115 quam
426 1063 506 1113 saepe
519 1045 607 1100 Varro
626 1047 657 1098 in
676 1045 789 1111 infinita
807 1045 963 1099 studiorum
981 1047 1040 1116 aqi·

21 1118 126 1171 tatione
143 1119 236 1171 eadem
254 1118 421 1186 apposuerit,
445 1119 517 1171 inter
539 1133 631 1171 omnes
649 1121 761 1171 constat.
783 1116 853 1170 illud
872 1118 944 1170 enim
962 1118 1042 1172 nobis

20 1190 134 1254 pravius
156 1189 271 1255 videtur,
294 1189 367 1257 quod
389 1190 544 1259 Auqustini
566 1187 685 1253 libellus,
715 1188 759 1242 ‘de
782 1187 941 1241 dialectica'
969 1189 1041 1241 oiord

23 1258 243 1328 Disciplinarum
272 1261 339 1314 liber
366 1261 478 1328 quidam
506 1260 664 1327 inscriptus,
692 1261 724 1313 iii
751 1259 876 1313 estiensis
903 1259 1042 1328 capitibus

29 1329 151 1386 VII—X
164 1333 274 1400 proprie
284 1332 501 1401 philosophicam
520 1333 733 1398 disputationem
752 1332 878 1396 continet,
898 1345 1042 1398 quaecum

24 1402 83 1453 iterii
111 1421 127 1456 a
151 1404 273 1458 Varrone
297 1404 443 1471 repetenda
470 1419 524 1456 esse
553 1403 692 1468 uideatur,
720 1420 738 1456 a
764 1403 833 1456 libro
863 1402 1042 1471 pranimatico

25 1473 130 1540 aliquid
151 1476 288 1539 abhorret,
320 1481 401 1542 atque
427 1476 589 1542 compluries
615 1491 676 1528 cam
708 1475 872 1528 tractatione
900 1474 1043 1527 Martiani

27 1543 149 1612 Capellae
172 1548 198 1614 (l.
214 1549 241 1614 4)
261 1547 400 1616 conpruit,
421 1548 470 1613 qui
487 1546 712 1615 Disciplinarum
732 1545 809 1599 libris
827 1560 895 1598 usus
912 1551 958 1599 ea.
995 1544 1042 1598 sed

25 1631 84 1668 oum
103 1617 165 1670 haec
187 1620 244 1685 ipse
269 1617 425 1671 Wilmaans
446 1618 502 1671 sihi
524 1618 649 1672 obiecerit
670 1633 755 1684 neque
778 1622 869 1670 tamen
887 1616 1043 1685 Aupustini

29 1685 142 1740 libellum
160 1705 192 1742 ec
208 1694 289 1757 porte
302 1690 355 1742 hue
372 1690 471 1756 referre
485 1688 660 1753 dubitauerit,
679 1689 809 1758 praviora
824 1687 955 1741 addenda
967 1693 1040 1740 sunt.

29 1773 90 1810 uam
108 1762 281 1830 Auqustinus
303 1760 411 1814 nullum
434 1761 512 1814 nobis
536 1761 721 1829 frapmentum
741 1761 780 1812 oel
799 1759 888 1827 operis
906 1760 950 1813 De
969 1758 986 1812 l.
1006 1757 1040 1811 L.

29 1829 66 1880 sel
90 1837 231 1886 ceterorum
253 1833 494 1902 qrammatiooruoi
514 1832 647 1886 librorum
667 1832 798 1895 servavit,
823 1836 931 1898 practer·
954 1846 1042 1882 unum

31 1901 98 1964 quod
124 1903 279 1958 Wilmanns
303 1909 380 1968 recte,
407 1909 439 1957 ut
463 1902 580 1968 uidetur,
608 1903 678 1958 libro
700 1904 792 1970 primo
818 1901 1043 1968 Disciplinarum

31 1971 176 2042 adscripsit.
214 1975 285 2028 idem
308 1991 322 2028 e
344 1975 483 2030 contrario
506 1975 674 2042 Disciplinis
694 1974 828 2028 Varronis
846 1973 957 2027 uberius
975 1989 1043 2026 usus

33 2048 65 2094 ist
83 2044 185 2110 (Wilm.
195 2063 225 2114 p.
241 2049 297 2114 18).
317 2045 410 2100 debuit
427 2062 493 2100 sane
508 2045 597 2100 Varro
611 2052 726 2115 propter
744 2043 932 2115 capitationem
950 2061 1041 2114 pram-

34 2117 140 2169 iiioticae
165 2124 189 2170 et
216 2117 374 2172 dialecticae
402 2117 495 2172 eadem
522 2119 553 2170 ia
582 2118 660 2171 libris
688 2117 733 2170 De
758 2118 774 2171 l.
800 2116 834 2169 L.
858 2121 1042 2184 pertractare;

32 2185 73 2236 sed
92 2187 218 2254 quomodo
232 2195 418 2257 quatenusque
436 2188 466 2242 id
483 2189 585 2255 feeerit,
604 2189 745 2242 nescimus.
779 2190 860 2243 ctiam
879 2188 911 2241 de
929 2188 1043 2255 reliquis

33 2259 192 2327 iraqiiientie,
206 2277 275 2328 quae
288 2261 347 2314 sinc
361 2261 441 2314 certis
454 2261 615 2314 testimoniis
626 2260 782 2313 Wilmanns
796 2260 875 2313 libris
885 2259 1059 2312 XI—XIIIn

33 2326 85 2388 iere
99 2333 186 2384 orinia
199 2331 360 2396 vindicavit,
374 2349 393 2385 a
407 2332 496 2386 liubin
509 2331 576 2385 aliis
585 2331 664 2385 libris
676 2331 813 2385 similibus
823 2331 878 2397 (De
892 2332 951 2383 sim.
963 2331 1043 2394 oerb,

35 2397 73 2452 De
88 2402 143 2455 util.
161 2419 250 2468 serm,
268 2402 338 2469 Περὶ
354 2405 479 2472 pariaris.)
498 2418 541 2457 res
558 2402 665 2456 lubrica
683 2403 723 2469 ht,
737 2403 900 2470 praesertim
916 2418 977 2455 cam
995 2401 1042 2456 ho-

36 2485 90 2523 rum
108 2474 181 2541 apud
198 2476 285 2528 solum
301 2475 457 2528 Charisium
475 2476 606 2528 memoria
624 2479 702 2539 eatet,
721 2475 800 2527 enisis
814 2475 902 2540 ipsius
917 2473 1042 2539 berichem

32 2541 151 2611 pleraque
165 2546 308 2614 superiora
326 2547 485 2613 accepim-us.
519 2547 612 2600 omitto
631 2547 703 2599 euim
719 2547 842 2612 primum
860 2545 960 2598 librum
975 2545 1042 2597 Dis-

36 2613 201 2683 ciplinarma,
220 2618 270 2671 nbi
287 2617 351 2671 hoec
369 2633 467 2671 rursus
484 2618 600 2671 strictim
619 2619 742 2685 exposita
755 2622 828 2670 sant.
848 2616 964 2669 alteram
974 2632 1042 2682 par-

37 2687 90 2749 iera,
104 2685 150 2740 XI
152 2687 273 2741 V-XX
278 2688 309 2754 V,
322 2689 355 2742 dc
369 2705 483 2756 eaquae
496 2694 609 2742 vocatur
621 2689 750 2758 syntaxis
762 2688 848 2754 fuisse
859 2687 1043 2740 Wilmannsi'o

37 2755 164 2813 adsentior
190 2761 230 2828 (p.
246 2764 282 2814 19
290 2761 352 2828 sq.);
380 2777 461 2828 eoque
488 2760 617 2814 libentius
645 2757 717 2827 quod
744 2760 873 2828 maqister
900 2757 1043 2823 Varronis,

38 2827 125 2882 Aelius
141 2830 217 2896 Stilo,
243 2832 293 2899 qui
310 2847 378 2900 opus
397 2832 441 2885 De
458 2831 609 2899 proloquiis
631 2831 759 2897 confecit,
782 2835 915 2898 quautam
938 2830 993 2882 pirri
1012 2831 1044 2882 ia

38 2899 89 2952 eius
104 2901 253 2957 doctrinam
275 2903 402 2956 habuerit
424 2903 481 2956 iam
499 2902 595 2956 melius
613 2902 762 2956 didicimus
785 2902 829 2968 (cs.
850 2902 1043 2965 Reitzenstein,

38 2969 94 3022 ibid.
108 2989 136 3040 p.
151 2976 277 3042 31-43).
301 2975 352 3028 isto
371 2973 493 3027 enimin
515 2989 610 3043 penore
628 2989 713 3042 neque
733 2973 865 3026 Mudleri
888 2974 1044 3026 coniectura

38 3040 113 3111 (liqna
130 3051 167 3098 cst
185 3061 255 3114 quae
273 3051 434 3099 nurnmctur
452 3045 557 3112 (Wilm.
570 3061 599 3112 p.
615 3048 652 3098 37
661 3046 719 3112 sq),
738 3060 822 3112 neque
836 3045 949 3097 meliora
963 3044 1044 3098 Riese

39 3117 186 3183 excapitavit
204 3117 313 3184 (Philol.
329 3119 374 3170 27.
389 3119 465 3169 1868
483 3133 512 3184 p.
527 3119 650 3184 dissip).
686 3115 773 3184 quid?
800 3115 826 3169 si
849 3115 981 3168 librorum
1000 3116 1042 3166 in·

39 3186 160 3241 concinna
168 3189 277 3254 divisio,
293 3188 371 3256 VI-l-
380 3188 454 3242 Vlet
463 3188 536 3253 XII,
551 3186 666 3241 dubium
675 3193 769 3252 mouet,
778 3203 870 3241 nonne
879 3187 944 3239 libri
954 3185 1048 3239 XXV

40 3271 117 3310 rerum
129 3259 199 3313 hum.
220 3261 252 3312 in
270 3260 493 3327 Antiquitatibus
511 3265 536 3313 et
555 3259 635 3312 XVI
650 3259 735 3313 divin.
756 3256 953 3328 opponuntur?

100 3367 183 3436 inopis
201 3367 334 3420 intricata
352 3365 385 3419 de
405 3366 483 3421 libris
501 3367 538 3420 ad
553 3365 714 3435 Septimium
728 3372 753 3420 et
769 3366 921 3420 Ciceronem
934 3364 1044 3432 scriptis
1082 3431 1085 3437 y

41 3438 146 3499 praescio
165 3443 218 3504 est;
237 3453 308 3505 quae
326 3439 440 3491 alteram
459 3438 669 3492 controversiam
688 3438 720 3492 de
738 3454 823 3503 anno,
841 3454 894 3505 quo
912 3438 1044 3504 hocopus

41 3504 126 3560 odilerii
143 3512 188 3575 eit,
207 3509 391 3578 amplectitur.
415 3525 449 3562 ac
463 3512 586 3578 primum
606 3511 671 3565 libri
689 3511 781 3563 ΙΙ-Ι
784 3511 812 3562 V
825 3508 864 3562 od
881 3508 1044 3575 Septimium

42 3585 98 3633 berlo
118 3581 193 3634 missi
215 3586 281 3634 simi
304 3579 347 3648 (de
366 3581 382 3634 l.
403 3581 438 3634 L.
458 3586 522 3648 5,1.
544 3583 666 3649 7,109);
691 3581 806 3647 indeque
829 3577 1044 3633 concludendum-
