2480 3904
157 188 225 250 474
324 188 536 242 Grammaticus
556 189 659 242 estatis
678 189 841 259 Angustiae
860 189 1024 258 fragments

159 346 338 414 Cornificium
358 349 487 421 Lonpnm
506 349 595 404 Seruii
613 355 752 404 auctorem
771 349 817 416 (fr.
832 353 860 418 4)
883 350 999 404 eundem
1020 366 1083 415 esse,
1103 364 1157 416 quen

157 419 242 473 libros
265 420 310 473 De
333 422 429 489 clymis
451 421 565 476 mmmm
587 422 728 489 scripsisse
751 421 906 490 caepimus
932 422 978 490 (fr.
995 425 1020 474 1.
1034 424 1076 490 2),
1097 435 1159 487 unu

158 490 247 544 olium
261 490 340 546 Festi
356 493 388 544 in
401 492 561 546 nominibus
577 493 681 547 divinis
698 494 818 546 sacrisoe
837 499 976 547 auctorem
995 498 1046 547 aut
1057 491 1159 554 Amulii,

159 563 209 628 qur·
227 562 265 616 nd
282 578 372 617 vocem
391 563 563 618 ‘novensiles'
586 564 766 630 Cornificium
784 581 847 617 ann
865 564 946 618 Aelio
965 570 991 618 et
1010 564 1100 619 Cincio
1120 577 1161 614 non

158 632 240 688 aliter
262 649 296 688 ac
315 633 414 689 Festus
439 635 585 706 coniungit
609 635 654 704 (cf.
676 635 810 690 Wissono
829 635 894 690 RE
911 638 1035 701 e,1630.
1068 635 1097 688 de
1113 633 1162 686 Mc·

158 703 228 758 orob.
242 710 349 760 saturn.
363 705 433 772 font.
444 722 475 774 p.
490 707 543 774 43).
571 706 619 760 sed
632 708 658 761 si
671 707 830 775 quaerimus
844 707 912 775 qnid
928 705 1075 772 Cornificio
1087 705 1164 772 Lonpo

159 777 589 916 illitz‘ttumltttl
603 774 1166 915 susceptationem

160 917 266 972 senam
280 889 348 988 iu),
367 919 481 973 uicem
500 866 674 990 arideum
692 936 735 989 op.
752 926 776 986 1,
792 924 853 975 uc.
882 920 1010 986 assoon,
1025 921 1121 990 polu.
1136 916 1166 971 a

164 988 242 1060 Verp.
256 1007 288 1059 p.
303 993 357 1060 96).
395 997 421 1044 et
447 991 556 1058 quidem
583 998 652 1046 certe
678 992 753 1046 nihil
778 993 846 1046 miri
873 991 1054 1060 Cornificium
1075 996 1166 1060 poetam

160 1067 246 1115 artem
264 1063 486 1132 prammaticam,
509 1068 542 1116 ut
566 1063 705 1118 Valerium
726 1062 856 1118 Catonem
877 1064 1014 1132 aliosque,
1034 1063 1167 1131 professum

160 1147 214 1186 esse
221 1153 231 1199 ;
258 1141 290 1188 at
311 1150 372 1188 cum
394 1134 474 1187 illum
498 1135 687 1204 Hieronymus
712 1135 761 1202 (ad
784 1152 811 1188 a.
832 1136 1002 1204 Aor.1976)
1028 1152 1054 1187 a.
1074 1131 1167 1203 713(ss

160 1211 297 1259 mammem
315 1221 369 1260 esse
387 1205 491 1270 undat,
509 1207 536 1260 si
552 1207 586 1272 is,
604 1211 637 1259 nt
653 1207 735 1276 culpo
751 1212 879 1274 putatur,
898 1223 916 1258 a
937 1205 1041 1276 Quinto
1061 1203 1169 1258 Generis

156 1283 335 1346 propraetore
351 1276 539 1345 Ciceronisque
557 1277 697 1344 familiari
715 1276 840 1332 diversus
857 1293 915 1332 non
933 1283 980 1343 est,
1000 1284 1116 1346 temporo
1131 1275 1169 1328 oin

161 1355 320 1403 coresonant.
353 1363 415 1402 cum
429 1349 546 1402 enimin
560 1350 656 1417 etpmis
675 1349 721 1416 (fr.
735 1351 765 1416 2)
786 1348 924 1402 Ciceronu
942 1349 1010 1402 iibri
1024 1349 1068 1402 De
1080 1353 1170 1401 natura

161 1419 273 1473 deorum
300 1437 325 1473 a.
350 1418 450 1490 710744
478 1419 546 1472 editi
573 1426 767 1486 memorentur,
799 1419 933 1488 quonndo
962 1419 1124 1486 Cornificius
1146 1417 1172 1468 in

162 1489 247 1559 Spria
265 1498 291 1545 ei
308 1491 409 1558 Africa
431 1492 509 1544 intra
527 1507 616 1544 annos
635 1489 745 1559 rosseo
751 1494 827 1545 -71
834 1491 904 1563 3l41
929 1492 1006 1545 bellis
1029 1491 1172 1558 implicatis

162 1577 205 1615 eos
223 1563 307 1632 lepore
325 1569 349 1616 et
367 1578 436 1630 opus
453 1562 619 1616 eruditionis
637 1563 753 1630 plenum
771 1563 886 1616 scribere
904 1565 1029 1631 potuisse
1047 1557 1172 1616 creditru?

158 1633 327 1701 prudentius
352 1635 439 1704 ipitur
458 1639 568 1701 poetam
592 1650 610 1686 a
632 1635 813 1703 praumatico
837 1634 1030 1700 discernemur,
1055 1631 1173 1686 etiamsi

162 1710 307 1773 utriunque
327 1705 490 1759 Macrobius
510 1703 657 1771 Cornificio
680 1708 790 1759 nomine
812 1706 974 1773 simpliciter
997 1705 1091 1771 affert,
1114 1718 1173 1771 quoe

165 1846 793 1915 ,
806 1777 1173 1844 <s

162 1923 286 1988 tempora
311 1936 369 1973 non
396 1920 500 1973 obstent
532 1918 576 1988 (cs.
607 1918 755 1984 Weicliert,
783 1865 867 1987 ἔσει).
896 1919 973 1972 Latt.
1001 1919 1058 1972 rell.
1082 1887 1110 1986 p.
1128 1919 1173 1969 165

165 1988 230 2043 adn.
247 1992 300 2058 11),
318 2007 375 2044 non
393 1991 481 2045 alium
500 2006 553 2044 esse
567 1996 638 2058 puto
658 2005 691 2042 ac
709 1998 765 2043 τῶν
779 1986 922 2057 νεωτέρων
942 1990 1096 2057 Catullique
1113 1988 1172 2040 omi·

164 2077 239 2125 cnm,
264 2078 326 2115 cum
344 2063 507 2130 praesertim
534 2061 650 2115 Ovidius
672 2061 739 2114 ibid.
764 2063 896 2115 Anserem
917 2061 1035 2132 Verpilii
1056 2061 1171 2115 obirata-

165 2137 248 2188 torem
270 2139 407 2200 memoret,
433 2135 482 2201 qni
503 2149 600 2186 rursus
623 2149 640 2186 a
665 2133 778 2186 Donato
801 2132 833 2184 in
855 2133 914 2186 uita
934 2133 1011 2202 Verp.
1036 2134 1076 2200 (p.
1091 2129 1171 2194 soll.)

165 2219 227 2258 cnon
246 2205 392 2271 Oornirtcio
415 2206 594 2260 consociatur.
626 2220 712 2272 neque
735 2204 766 2258 id
788 2203 959 2269 adversatur,
985 2204 1058 2270 quod
1074 2201 1172 2257 Senius

165 2277 197 2330 in
214 2278 345 2347 peorpicis
368 2280 403 2346 (1,
417 2277 496 2343 210),
523 2292 592 2343 quoe
605 2281 671 2344 post
693 2277 835 2328 interitum
855 2275 999 2341 Cornificii
1016 2275 1088 2328 edita
1108 2276 1170 2334 mu,

165 2365 272 2403 uersum
293 2349 385 2416 refert,
410 2363 462 2416 qno
485 2349 510 2400 is
532 2347 650 2412 formam
675 2347 806 2401 ‘hordeo’
828 2347 1000 2416 obiurpaoit5
1026 2347 1090 2398 hoec
1109 2343 1170 2397 enin

166 2422 198 2475 in
217 2421 346 2475 bucolicis
364 2421 399 2488 (5,
414 2420 460 2487 36)
480 2435 584 2486 quoque
602 2418 750 2472 inuenitur.

240 2509 402 2576 Cornificius
417 2505 768 2577 Lonpnsposta.710!44
782 2513 808 2561 et
821 2513 885 2561 ante
898 2507 985 2561 editos
999 2506 1088 2561 Verrii
1100 2504 1170 2558 liora

167 2583 211 2637 De
229 2581 370 2635 cadmum
388 2580 547 2650 sipnilicatu
567 2579 683 2648 scripsit.

539 2879 813 2948 FRAGMENTA

489 3077 537 3130 DE
556 3075 692 3130 ETYMIS
710 3075 866 3131 DEORUM

240 3242 329 3310 operis
347 3241 551 3309 inscriptionem
566 3257 584 3292 a
599 3237 742 3293 Mouobio
756 3238 892 3291 minutam
906 3237 1071 3290 Pmsciam
1085 3233 1172 3289 min

169 3313 295 3368 tradidit.
332 3329 392 3365 cnm
410 3313 442 3366 in
462 3313 553 3378 primo
576 3312 645 3365 libro
667 3326 765 3363 nonnn
783 3325 798 3362 c
816 3308 907 3362 littera
929 3308 1066 3378 incipiens
1087 3307 1129 3373 (fr.
1143 3307 1172 3384 s),

170 3386 202 3436 in
214 3383 292 3437 tertio
306 3389 397 3435 autem
410 3384 502 3436 littera
516 3384 527 3434 i
541 3383 586 3448 (fr.
596 3384 625 3450 2)
643 3381 801 3449 explicetur,
820 3380 931 3434 deornm
945 3379 1136 3449 appellationes
1148 3391 1171 3428 m

171 3453 292 3507 ordinem
311 3453 464 3505 litterarum
478 3453 597 3522 digestas
615 3469 668 3506 csse
686 3453 824 3519 suspicari
841 3452 909 3505 licet.
942 3451 995 3504 hoc
1010 3450 1041 3502 d'
1107 3449 1173 3502 'rou

170 3538 221 3574 nos
243 3537 334 3574 omnes
357 3523 460 3588 plossas
483 3523 546 3576 deos
567 3525 751 3590 respicientes,
776 3523 858 3576 etiam
880 3522 930 3576 nbi
952 3523 1021 3576 liter
1116 3517 1175 3585 licii

171 3592 328 3643 nominatus
345 3606 402 3644 non
420 3598 467 3655 est,
485 3593 638 3657 referemus.
675 3593 708 3659 cf.
730 3593 820 3662 Berplc
838 3608 880 3660 op.
902 3598 928 3660 1,
941 3597 1003 3647 458.
