2504 3904
156 184 223 248 528
328 185 535 240 Grammaticos
555 187 658 240 aetatis
677 187 841 256 Augusteae
859 186 1020 256 fragmenta

443 399 493 452 DE
511 399 683 454 vinonio
703 399 895 454 LIBRORUM

228 527 296 592 puin
321 525 416 578 Iulius
440 525 574 596 Hyginus
599 526 731 580 librorum
756 526 789 578 de
812 526 932 594 Verprlio
957 525 1075 594 scriptor
1103 526 1186 594 (Geli.

156 598 192 663 fr.
208 599 235 662 3)
255 603 280 649 et
293 597 426 667 Hypium
444 598 486 663 (in
500 598 621 650 bnmate
637 597 742 651 ‘Iulius
755 597 911 666 princrs’)
927 601 1187 652 commentariorum

156 668 195 720 ad
219 667 368 737 Vcrpslium
387 668 467 736 (Geli.
485 668 523 733 fr.
543 670 569 736 4)
592 685 667 722 unus
694 669 815 736 idemque
837 671 916 722 borno
939 670 987 734 sit,
1010 671 1094 722 nulla
1118 670 1188 722 mibi

157 740 296 793 dubitatio
314 746 353 793 cst
372 739 416 807 (cf.
435 740 471 805 fr.
491 744 509 793 6
526 739 709 808 reprehendit
726 739 814 792 Iulius
833 739 973 809 Hyginus,
992 741 1029 805 fr.
1050 744 1068 794 7
1090 756 1185 810 repre-

156 810 258 864 hendit
267 809 396 880 Hyginus
411 811 443 864 de
454 811 573 882 Vcrpilio
581 819 695 880 utroque
705 813 736 864 in
746 813 821 878 loeo),
834 814 883 879 qui
894 813 953 865 sinc
965 812 1050 865 dubio
1060 812 1186 882 Aupasti

158 883 270 936 libertics
288 889 327 936 est
344 882 389 949 (cf.
405 883 498 936 Bunte
512 884 529 935 l.
545 899 566 936 c.
578 900 608 951 p.
623 886 657 936 31
668 885 726 951 sa),
746 884 807 937 licet
825 883 915 936 denuo
932 883 1079 937 recentiori
1098 889 1185 936 aetate

158 955 281 1024 Boraius
303 955 384 1008 aliter
406 955 507 1007 sentiat
530 955 572 1022 (de
590 961 700 1021 tenipor.
720 955 819 1022 quibus
838 955 914 1023 Verp.
934 955 1061 1024 accepire
1078 957 1185 1023 scripio

158 1031 183 1077 ct
204 1026 277 1092 perf.
300 1025 365 1078 sint.
389 1025 457 1078 Hal.
482 1025 548 1079 Soa.
564 1029 637 1078 1875
659 1042 688 1093 p.
707 1029 746 1080 28
772 1025 837 1078 adn.
858 1027 917 1093 57),
943 1026 992 1094 qui
1015 1027 1187 1080 verecundae

159 1096 271 1165 Hirpini
292 1097 324 1149 in
348 1096 496 1166 Verpilium
520 1097 723 1150 obtrectationis
745 1098 845 1152 oblitus
868 1097 1183 1165 (Gell.10,16,1.11.

159 1170 196 1219 18
211 1193 245 1211 =
259 1169 295 1233 fr.
317 1170 391 1236 leq.)
410 1169 442 1220 in
464 1170 522 1221 cita
540 1168 650 1222 Donati
673 1169 745 1222 inter
762 1169 878 1237 putidos
900 1169 1096 1222 lwniunciones
1121 1168 1183 1222 Ver-

158 1239 222 1308 9ilii
232 1240 420 1293 obtrectatores
429 1239 576 1310 Hypinum
586 1241 727 1293 nominari
737 1239 858 1294 debuisse
868 1245 960 1308 putat.
986 1241 1053 1294 libri
1065 1241 1183 1307 inscrip-

160 1312 261 1363 tionem
280 1310 387 1364 idoneis
409 1312 578 1380 arpumentis
596 1311 784 1365 Kretrscbmer
802 1312 944 1365 constituit
962 1311 1005 1379 (de
1025 1311 1095 1365 Geli.
1116 1314 1183 1378 font.

154 1399 185 1451 p.
201 1385 245 1434 17.
266 1385 310 1435 77.
330 1385 391 1450 81)·
413 1399 460 1451 epo
483 1398 575 1436 cenem
593 1383 793 1450 propriumque
814 1381 852 1436 ad
879 1383 1026 1453 Verpilium
1051 1398 1184 1436 commen-

159 1453 263 1507 tarium
280 1455 366 1519 fuisse
384 1455 431 1508 uic
445 1454 605 1507 crediderim
622 1454 666 1521 (cs.
679 1455 772 1506 Bunte
782 1470 811 1521 p.
821 1457 904 1521 29sq.
934 1454 1054 1508 Ribbeck
1068 1470 1100 1521 p.
1112 1457 1185 1520 117).

159 1525 223 1576 lcuic
240 1527 389 1578 sententiae
413 1541 447 1577 ne
470 1524 501 1578 id
526 1524 634 1592 quidem
658 1526 740 1590 fouet,
763 1524 835 1593 quod
862 1525 967 1579 Gellius
990 1527 1045 1593 (10,
1061 1527 1108 1592 16)
1134 1531 1186 1578 tres

160 1596 278 1649 eiusdem
307 1596 443 1649 Aeneidos
471 1596 536 1649 libri
563 1597 633 1649 locos
660 1597 707 1648 sed
734 1611 777 1649 eos
804 1611 860 1648 non
888 1598 1034 1650 continuos
1061 1597 1096 1664 (o.
1120 1601 1185 1650 365.

160 1670 223 1723 122.
244 1670 301 1721 838
320 1668 385 1721 libri
404 1667 457 1734 VI)
476 1667 606 1720 meinornt
624 1667 771 1736 Hypircum
789 1667 935 1734 manifesto
954 1674 1069 1722 saulus.

621 1811 641 1866 3
684 1810 702 1867 5

228 1917 276 1973 lib.
292 1917 350 1974 IV.
384 1934 472 1990 quae
495 1915 622 1975 bidens
646 1802 856 1988 ebt]hostia‚
880 1918 1028 1991 oportet
1050 1916 1186 1974 habeat

161 2005 290 2064 dentes
314 2008 407 2078 octe,
436 2005 497 2064 sed
521 2025 560 2063 ex
583 2005 638 2063 his
667 2005 734 2062 duo
762 2007 894 2064 ceteris
923 2005 1093 2078 altiores,
1122 2025 1185 2081 per
1248 2003 1249 2086 J

163 2113 250 2170 quos
275 2098 449 2169 appareat
472 2114 511 2152 ex
534 2097 670 2152 minore
694 2096 814 2152 aetate
838 2096 874 2151 in
893 2096 1064 2152 maiorem
1082 2098 1182 2153 tran-

162 2183 356 2242 scendisse.

236 2282 303 2336 Gell.
320 2287 362 2348 16,
377 2287 402 2347 6,
417 2287 452 2335 14
470 2281 600 2350 Hyginus
616 2284 712 2336 tamen
725 2280 814 2334 Iulius
829 2313 862 2320 —
877 2280 908 2333 in
922 2283 1024 2348 quarto
1038 2281 1182 2343 librorum,

162 2369 232 2422 quos
252 2353 288 2407 de
301 2353 428 2422 Vergilio
447 2353 523 2421 iecit,
543 2353 672 2407 bidentes
688 2351 826 2422 appellari
843 2353 956 2420 scripsit
973 2353 1090 2418 hostias,
1110 2369 1182 2421 quae

162 2440 213 2494 per
231 2426 354 2478 aetatem
373 2425 443 2477 duos
466 2425 565 2478 dentes
589 2424 704 2478 altiores
727 2423 871 2477 haberent.
911 2424 995 2477 verba
1020 2423 1097 2478 illius
1120 2425 1184 2494 ipsa

163 2494 1181 2637 66666·6663666-61666660160

164 2639 234 2692 crob.
255 2643 280 2705 6,
300 2642 326 2705 9,
347 2643 364 2692 7
382 2638 511 2708 Hyginus
529 2641 624 2692 tamen
643 2671 676 2678 -
695 2639 726 2691 in
745 2638 843 2706 quinto
865 2638 916 2709 [ita
936 2655 1026 2692 errore
1046 2641 1181 2710 Monoi]
1248 2629 1249 2690 ἶ

162 2709 310 2776 librorum,
337 2726 406 2778 quos
433 2710 466 2763 dc
490 2709 616 2778 Vergilio
642 2709 722 2776 fecit,
749 2709 877 2762 bidentes
903 2707 1043 2779 appellari
1072 2710 1181 2779 scripsit

163 2781 284 2848 hostias,
304 2797 376 2849 quae
399 2799 449 2850 per
468 2783 591 2834 aetatem
611 2782 681 2836 duos
700 2781 798 2835 dentes
821 2779 936 2834 altiores
961 2780 1110 2846 habereut,
1134 2800 1181 2851 per

163 2868 233 2921 quos
259 2869 293 2906 ex
315 2853 422 2908 minore
445 2852 475 2905 in
498 2853 634 2908 maiorem
656 2851 862 2905 banscendisse
886 2854 1028 2905 constaret
1051 2855 1180 2906 nentem.
1248 2851 1249 2916 ζ

163 2926 197 2979 dc
210 2942 239 2978 re
248 2926 283 2992 cs.
294 2925 361 2995 Nip.
372 2925 437 2994 Fip.
447 2927 483 2991 fr.
495 2928 539 2979 39.
559 2925 641 2978 Paul.
654 2924 726 2978 Fest.
737 2927 856 2993 ρ.4,17.
872 2927 969 2989 33,10.
985 2928 1031 2988 35,
1041 2929 1068 2978 2.
1085 2929 1179 2990 66,16.

163 2996 236 3052 Sero.
257 2999 325 3050 Aen.
345 3001 371 3062 4,
386 3000 429 3050 57.
446 3001 471 3062 6,
486 3001 529 3050 39.
552 2996 626 3050 Non.
638 3013 668 3065 p.
684 3000 727 3061 53,
743 3001 785 3050 13.
808 2993 877 3049 Isid.
892 3011 930 3048 or.
946 2998 990 3061 12,
1005 3001 1031 3061 1,
1047 2999 1072 3048 9.
1097 2996 1179 3051 Scbol.

165 3069 197 3121 in
220 3067 328 3122 Lucan.
348 3073 373 3133 1,
388 3072 450 3121 607.
496 3069 626 3122 Ps-Acro
650 3068 719 3122 Hor.
744 3084 826 3121 curm.
846 3071 873 3132 3,
886 3070 932 3133 23,
946 3071 989 3120 14.
1030 3067 1116 3122 OGL
1140 3069 1183 3122 IV
1248 3075 1249 3140 l

166 3143 229 3204 seo,
244 3143 288 3192 re.
314 3138 340 3191 V
355 3143 418 3205 172,
433 3142 477 3192 se.
498 3143 561 3204 c1c,
574 3142 620 3192 29.

237 3250 252 3295 2
271 3243 307 3296 iis
325 3246 456 3298 nonnulli
473 3244 549 3299 codd.
642 3245 711 3297 duos
730 3246 822 3298 Paris.

625 3388 644 3441 4
686 3390 704 3444 1

234 3500 334 3540 versus
367 3488 439 3545 istos
472 3507 506 3545 ex
539 3379 686 3566 georgicib
706 3379 843 3568 ]Vergilii
875 3486 920 3571 [2,
935 3488 1015 3573 246]
1049 3496 1181 3572 plerique

166 3583 265 3624 omnes
296 3573 337 3627 sic
367 3572 484 3648 legunt:
519 3571 566 3634 ‘at
597 3596 685 3654 sapor
714 3580 858 3638 indicium
886 3582 978 3640 faciet
1008 3585 1180 3644 manifestus
