2442 3902
163 189 228 254 302
313 189 520 243 Grammaticae
539 189 641 242 aetatis
660 188 851 242 Varronianae
869 187 1031 258 fragmenta

52 373 54 378 ·
162 377 219 432 que
238 359 347 415 mirum
365 360 402 415 ut
422 359 454 415 in
472 358 548 416 hanc
565 358 729 417 multorum
752 376 854 416 sensus
873 376 933 415 non
952 357 1169 428 animadvertat,
1210 376 1216 407 ι

163 465 231 504 cum
249 441 324 523 (in)
342 447 397 504 illa
417 465 496 522 quae
518 448 548 503 in
573 446 688 506 eithara
712 449 765 504 aut
787 447 864 504 tibia
885 447 1042 522 aliquanto
1061 447 1169 504 uberior
1211 460 1217 504 !

123 555 149 594 eo
163 538 221 609 ost,
251 553 339 610 saepo
361 537 462 594 totum
489 555 548 594 non
576 535 686 594 sentiet
713 539 853 594 meatum.
899 540 1056 611 praeterea
1086 538 1169 593 minus
1210 602 1218 621 1

162 625 286 700 reliquis
308 627 425 698 notam,
452 625 582 701 primum
606 624 686 699 quod
708 643 744 682 ea
767 625 807 683 sit
834 625 1017 700 principium
1046 625 1170 696 aliarum,

162 716 198 772 ut
225 710 299 790 μέση
328 713 360 771 in
382 715 496 773 musica
523 713 643 772 initium
670 715 831 788 contionis,
862 716 892 772 et
920 715 1053 772 omnium
1085 734 1170 772 rerum

163 802 251 860 initia
279 821 394 877 semper
421 802 546 861 obscura
574 803 649 877 sint3
677 802 745 860 dein
769 803 850 877 quod
876 821 963 861 omne
990 803 1123 861 medium
1147 805 1171 858 in

164 893 299 968 angustis
330 910 389 950 non
418 891 568 966 videatur,
600 893 635 949 nt
665 895 809 966 punctum
840 893 872 950 in
902 892 1040 966 quamvis
1073 909 1171 968 magno

123 1000 149 1040 ss
164 980 242 1054 orbe,
265 980 344 1056 quod
368 985 477 1039 vocant
499 977 628 1058 κέντρον.
675 981 791 1039 nullum
815 999 877 1040 esse
900 999 1022 1056 corpus,
1047 981 1102 1040 ubi
1123 999 1171 1038 non

164 1070 205 1128 sit
226 1069 367 1144 medium,
395 1073 425 1127 et
448 1089 565 1128 omnem
587 1088 691 1128 vocem
714 1088 820 1144 corpus
844 1088 919 1144 esse,
948 1088 1067 1128 omnem
1090 1072 1173 1148 igitur

163 1177 266 1217 vocem
285 1158 415 1216 medium
432 1158 548 1217 habere.
587 1159 664 1234 quod
689 1161 769 1217 enim
792 1159 851 1216 fuit
874 1159 1021 1234 deorsum,
1044 1163 1127 1235 prius
1147 1159 1172 1215 in

164 1247 295 1306 medium
322 1247 485 1322 succedere,
513 1267 603 1323 quam
623 1248 724 1308 evolet
747 1266 873 1320 sursum,
904 1251 934 1306 et
957 1249 1038 1323 quod
1067 1267 1173 1307 sursum

164 1339 217 1411 est,
248 1339 318 1394 ante
348 1337 451 1395 eodem
480 1339 581 1396 venire
606 1355 695 1412 quam
726 1337 875 1412 deorsum,
908 1355 999 1412 quare
1028 1340 1174 1412 utriusque

123 1446 151 1485 ro
165 1425 329 1502 compitum
351 1426 480 1484 medium
501 1444 570 1485 esse.
608 1429 638 1484 et
660 1426 756 1484 multa
775 1430 930 1503 praeterea
950 1426 1045 1486 latius
1068 1428 1100 1484 in
1118 1445 1174 1484 eam
1218 1471 1219 1474 η

164 1533 226 1574 rem
246 1514 399 1590 disputata
417 1516 539 1591 profert,
563 1534 639 1590 quae
658 1535 736 1573 nunc
754 1515 839 1574 nobis
858 1516 982 1593 longum
1001 1519 1049 1574 est
1065 1519 1173 1575 iterare.

166 1606 240 1662 seire
259 1604 339 1662 onim
358 1606 475 1680 oportet
497 1607 627 1681 rationis
641 1604 730 1662 huius
748 1621 849 1664 recens
872 1624 932 1663 non
954 1622 1017 1663 esse
1037 1623 1174 1663 commen·

166 1695 239 1767 tum,
263 1693 314 1751 sed
339 1693 471 1751 omnium
494 1694 548 1768 qui
571 1697 641 1752 ante
659 1695 824 1753 Varronem
849 1696 879 1751 et
902 1693 1125 1768 Tyrannionem
1144 1693 1174 1749 de

164 1779 305 1856 prosodia
328 1782 442 1856 aliquid
466 1782 652 1857 reliquerunt
674 1783 818 1859 plurimos
843 1786 873 1842 et
895 1783 1077 1842 clarissimos
1096 1801 1174 1860 quos·

124 1890 150 1930 oo
167 1889 223 1945 que
255 1870 371 1929 mediae
402 1863 491 1929 huius
522 1870 625 1930 fecisse
658 1873 852 1948 mentionem,
885 1890 958 1946 quos
991 1891 1094 1932 omnes
1125 1871 1174 1930 sibi

165 1959 257 2018 finisse
281 1963 417 2019 auctores
439 1961 536 2020 Varro
560 1964 779 2035 commemorat,
803 1962 1013 2038 grammaticos
1039 1959 1174 2020 Glaucum

167 2047 300 2106 Samium
324 2052 354 2106 et
376 2049 590 2108 Hermocraten
613 2050 734 2123 Iasium,
756 2051 830 2108 item
853 2049 1064 2125 philosophum
1088 2050 1174 2107 'l'lreo

165 2138 322 2212 phrastum
349 2139 592 2215 peripateticum,
622 2142 669 2198 cui
697 2138 800 2198 divina
825 2139 968 2197 facundia
996 2159 1105 2198 nomen
1131 2138 1174 2195 ad-

167 2227 263 2302 scivit,
277 2246 332 2286 nec
346 2247 404 2286 non
420 2228 551 2286 eiusdem
566 2231 663 2288 sectae
672 2227 898 2287 Athenodorum
912 2230 1022 2286 summi
1037 2226 1174 2286 acuminis

127 2335 153 2375 so
167 2317 274 2389 virum,
304 2316 356 2391 qui
380 2317 530 2392 quandam
553 2317 724 2393 prosodiam
747 2315 911 2394 μονότονον
935 2317 1079 2392 appellat,
1106 2335 1174 2392 qnae

165 2405 284 2464 videtur
305 2425 365 2464 non
389 2407 449 2464 alia
472 2423 534 2465 esse
558 2425 647 2482 quam
669 2405 776 2480 media,
800 2406 872 2464 licet
894 2405 1010 2465 diverso
1029 2405 1174 2465 vocabulo.

166 2513 220 2552 nec
239 2494 346 2554 desunt
364 2496 416 2570 qui
439 2494 592 2571 prosodias
615 2497 715 2570 plures
739 2513 910 2569 essequam
930 2498 1074 2569 quattuor
1096 2499 1174 2570 puta·

166 2584 273 2659 verint,
296 2588 330 2642 nt
350 2582 479 2643 Glaucus
500 2583 626 2658 Samius,
650 2603 745 2660 aquo
765 2603 814 2642 sex
832 2583 989 2660 prosodiae
1010 2586 1175 2660 propositae

167 2675 237 2731 sunt
251 2673 305 2731 sub
319 2672 398 2732 hisce
413 2673 591 2748 nominibus,
610 2670 749 2751 ἀνειμένη
773 2670 845 2750 μέση
870 2669 1059 2751 incorruptos]
1082 2675 1173 2732 κεκλα-

127 2781 152 2820 oo
168 2758 260 2838 σμένη
283 2759 558 2839 ἀντανακλαζομὲνη
579 2783 594 2815 e
615 2781 643 2820 s.
682 2763 732 2820 sed
755 2761 803 2820 hic
825 2780 943 2836 quoque
965 2781 1026 2821 non
1045 2761 1175 2821 dissentit

168 2870 187 2909 a
204 2850 302 2926 nobis3
325 2870 396 2909 nam
419 2851 512 2911 cuivis
531 2871 566 2909 ex
589 2851 661 2927 ipsis
684 2850 853 2910 nominibus
876 2850 1033 2910 intellectu
1051 2851 1174 2927 proclive

168 2941 213 2998 est
235 2943 295 2999 tres
319 2940 430 3016 primas
454 2957 517 2999 esse
541 2933 690 3017 simplices
714 2944 744 3001 et
765 2959 825 2998 non
848 2939 923 2998 elias
945 2959 1037 3015 qnam
1060 2941 1174 3018 βαρεῖαν

168 3026 262 3106 μέσην
298 3024 405 3104 ὀξεῖαν,
441 3033 607 3104 postremas
644 3034 743 3088 autern
775 3032 836 3088 tres
869 3028 1002 3105 duplices
1034 3032 1064 3088 et
1095 3028 1174 3105 quasi

168 3120 279 3194 species
309 3120 397 3177 unius
427 3117 533 3194 flexae,
566 3138 641 3193 quae
671 3121 716 3177 est
746 3137 852 3194 genere
881 3136 950 3176 una.
997 3118 1075 3177 hanc
1102 3117 1173 3175 enim

128 3227 154 3266 so
167 3207 247 3266 flecti
275 3227 334 3266 non
357 3226 416 3266 uno
444 3207 532 3267 modo
555 3226 655 3266 omnes
683 3210 878 3282 putaverunt,
906 3207 1116 3266 Eratosthenes
1142 3223 1173 3262 or

168 3299 253 3371 parte
268 3299 366 3372 priore
382 3299 471 3354 acuta
490 3295 520 3353 in
540 3315 662 3374 gravem
676 3298 878 3374 posteriorem,
897 3295 1069 3356 Theodorus
1082 3299 1171 3354 antem

169 3385 330 3458 aliquando
349 3385 439 3442 etium
459 3404 494 3440 ex
512 3388 599 3460 gravi
620 3387 652 3443 in
671 3387 834 3444 acutiorem
853 3385 1017 3444 escendere.
1054 3387 1172 3444 ceterum

172 3470 264 3528 Varro
286 3471 318 3528 in
341 3466 542 3547 utra<m>que
565 3468 724 3550 parte<m>
745 3476 860 3531 moveri
886 3473 1061 3549 arbitratur,
1087 3491 1171 3547 neque

169 3555 224 3613 hoc
242 3558 331 3615 facile
349 3557 412 3622 fieri
431 3561 494 3615 sine
513 3560 619 3635 media,
643 3580 767 3636 eamque
786 3565 903 3621 acutam
926 3562 1100 3639 plerumque
1117 3579 1171 3620 esse
