2480 3904
454 192 482 246 C.
501 193 619 263 Valgius
637 192 727 246 Rufus
1032 193 1099 257 485

580 366 599 421 4

147 471 227 528 ratio
247 487 307 545 qua
324 468 440 528 Plinius
465 463 545 548 [drab.
565 485 649 528 serra.
663 487 696 542 p.
715 471 769 539 22,
786 472 805 527 6
815 463 867 547 Β]
892 469 936 527 ait
953 467 1100 545 Valgium

80 557 140 614 uiti
162 558 233 616 talis
252 560 310 617 est:
332 559 455 616 nomina
473 575 589 634 semper
610 558 749 634 pluralia,
773 560 799 618 si
818 562 886 618 aute
905 557 1100 617 novissimam

81 664 99 703 a
121 646 255 706 litteram
279 648 291 703 i
312 646 473 721 habebunt,
496 647 632 722 deposita
656 649 723 705 aet
745 647 904 722 adsumpta
926 666 978 704 um
1001 647 1099 705 faeere

80 737 237 812 genetivos
268 736 416 811 plurales,
453 736 537 796 velut
567 736 720 796 Liberalia
750 736 883 795 Floralia
915 734 1099 794 Liberalium

80 823 263 901 Floralium3
301 826 326 883 si
358 830 458 884 autem
493 827 561 884 ante
594 845 612 884 a
643 827 655 884 i
686 844 746 884 non
776 825 940 898 habebunt,
970 826 1002 882 iu
1032 842 1125 882 rums

80 914 198 972 faciant
220 931 336 973 necesse
354 918 400 972 est
418 917 596 992 genetivum.
632 916 736 991 itaque
755 917 824 974 exta
843 916 940 974 castra
964 917 1100 972 extorum

81 1007 307 1078 castrorumque
334 1003 457 1064 faciunt.

156 1101 238 1157 oriar.
255 1118 283 1169 p.
299 1106 411 1167 143,19
430 1101 633 1158 Satumalium„
668 1102 798 1155 alittera
821 1101 902 1155 finita
924 1101 1100 1155 nominativo

81 1172 189 1241 plurali
213 1171 386 1255 <genetivo>
411 1172 469 1226 alia
491 1191 552 1239 um,
576 1172 633 1226 alia
655 1191 718 1227 rum
736 1172 972 1227 terminabuntur.
1009 1171 1099 1240 inspi-

82 1244 201 1300 ciendus
224 1246 319 1311 itaque
342 1242 424 1298 uobis
448 1246 491 1297 est
515 1244 626 1298 dativus
650 1246 679 1298 et
703 1245 843 1298 ablativus
867 1242 998 1313 pluralia,
1025 1243 1055 1297 in
1075 1243 1100 1296 is

82 1315 224 1385 syllabam
242 1332 278 1368 an
296 1315 326 1368 in
340 1315 392 1370 bus
412 1318 520 1369 exeant.
553 1316 649 1384 itaque
668 1315 788 1370 fulmina
802 1316 960 1383 fulminum,
980 1314 1100 1384 lupana-

80 1389 125 1441 ria
143 1385 332 1455 lupanarium,
351 1385 512 1442 Saturnalia
526 1386 725 1442 Saturnalium.
758 1387 810 1442 bus
830 1387 905 1441 enim
924 1386 1035 1454 syllaba
1051 1387 1101 1441 daz

81 1460 158 1512 tivus
183 1460 212 1512 at
235 1457 375 1512 ablativus
402 1457 577 1512 clauduntur.
615 1459 779 1513 balneorum
801 1475 866 1513 vero
891 1462 920 1513 et
945 1458 1101 1512 ferreorum

82 1529 147 1586 ideo
172 1530 304 1596 dicimus,
328 1529 401 1600 quod
426 1547 521 1584 eorum
545 1530 634 1585 dativi
658 1534 686 1585 et
710 1530 828 1585 ablativi
851 1547 907 1584 nou
931 1529 983 1583 bus
1005 1529 1056 1584 sed
1075 1529 1100 1582 is

81 1603 279 1656 bermlnanbur.
317 1602 440 1656 secunda
464 1616 522 1656 ratio
544 1628 590 1665 qua
609 1635 636 1642 -
656 1617 750 1658 laolunt.
788 1604 822 1670 cs.
844 1601 924 1657 Obor.
940 1619 970 1671 1).
991 1605 1035 1668 52,
1056 1605 1100 1655 17.

84 1678 146 1741 141,
159 1678 206 1728 29.
233 1677 293 1738 116,
308 1677 350 1730 31.
399 1673 472 1728 Sero.
492 1677 522 1726 iu
545 1674 619 1728 Don.
639 1691 669 1743 p.
689 1678 750 1740 435,
764 1679 790 1729 2.
839 1675 933 1742 Pomp.
960 1678 1100 1728 commeat.

81 1764 109 1814 p.
125 1750 189 1812 res,
204 1749 229 1798 5.
253 1748 373 1811 196,19.
407 1746 480 1800 Noa.
496 1762 527 1814 p.
547 1750 610 1811 reo,
624 1750 669 1800 25.
704 1746 828 1800 Marma
849 1750 874 1812 1,
889 1749 915 1812 4,
929 1748 991 1814 seq.

156 1858 173 1906 o
192 1853 237 1905 siri
314 1857 328 1903 8
348 1830 456 1918 faoidut
529 1858 543 1904 7
563 1852 634 1906 facit

441 2082 624 2136 INCERTAE
644 2082 743 2136 sams

584 2215 603 2273 5

152 2343 235 2384 seous
258 2322 383 2400 Valgius
407 2325 494 2398 putat
518 2341 552 2380 ex
576 2320 689 2381 Graeco
712 2321 792 2412 quod
817 2325 863 2380 est
886 2318 954 2393 ἑκὰς
978 2321 1099 2382 diotum.

157 2423 231 2486 Fer.
245 2440 276 2492 p.
290 2426 346 2476 297
350 2426 403 2488 ⁶,1
422 2447 485 2476 meur
498 2453 525 2459 —
538 2435 628 2474 aremus
666 2420 785 2474 absurde
810 2420 930 2486 scilieet,
958 2418 1101 2490 significat

85 2495 161 2548 enim
189 2497 284 2562 aperte
312 2492 395 2545 aliter
422 2491 557 2560 exemplis
585 2492 708 2544 omnium
736 2491 803 2554 fare,
836 2491 885 2559 qui
913 2507 976 2545 eam
1003 2507 1100 2544 vocem

84 2569 230 2634 usurpant.
258 2566 292 2631 cf.
312 2565 394 2618 Paul.
414 2565 486 2618 Fert.
502 2582 532 2633 p.
546 2567 612 2629 296,
627 2568 651 2618 1.
680 2563 764 2618 OGL
784 2564 901 2629 ΙΙ181,
917 2567 958 2618 14.
985 2562 1099 2629 V41,2.

84 2640 149 2692 baec
168 2639 198 2692 ira
217 2638 295 2691 libris
312 2636 494 2704 mutulorum
512 2636 597 2702 fuisse
616 2636 748 2689 eamtioro.

584 2771 604 2826 6

153 2879 184 2935 et
201 2876 327 2954 Valgius
346 2879 377 2934 et
395 2875 515 2933 Verrius
535 2869 586 2954 [fr.
604 2868 658 2953 18]
679 2877 709 2933 et
727 2875 843 2950 Trogus
862 2872 897 2931 de
922 2872 1100 2930 animalibus

86 2959 199 3045 [heres]
222 2965 299 3023 laote
323 2964 433 3024 dieunt.

159 3064 240 3119 ebor.
254 3081 284 3132 p.
301 3067 363 3130 102,
378 3066 396 3116 9
415 3065 458 3130 (=
474 3063 548 3115 Plio.
564 3063 627 3116 dab.
641 3078 718 3116 serra.
730 3078 758 3129 p.
775 3061 922 3128 581811.)
945 3058 1019 3112 laota
1040 3057 1100 3112 siue

86 3135 155 3189 vitio
174 3134 312 3198 dicemus,
330 3151 396 3186 uam
415 3138 444 3186 et
458 3132 527 3186 Cato
546 3132 586 3186 sio
606 3133 686 3198 dixit,
705 3131 906 3202 [p.85,11J.]
926 3132 954 3183 et
972 3130 1002 3182 in
1016 3129 1101 3184 ltalia

86 3210 162 3260 atras
178 3222 276 3273 capras
295 3204 368 3258 lacte
388 3204 482 3258 album
501 3203 613 3258 habere,
646 3203 695 3257 sed
709 3217 869 3266 11111311..-
880 3217 963 3256 urunt.
991 3203 1021 3254 at
1036 3218 1100 3255 oou·

86 3278 206 3331 suetudo
220 3280 315 3330 tamen
334 3276 412 3329 aliud
431 3276 564 3343 sequitur.
606 3278 640 3342 os.
662 3276 762 3330 Caesar
780 3277 816 3342 fr,
831 3279 873 3328 14.
910 3279 1004 3327 atrum
1017 3289 1100 3341 proa-

86 3357 190 3419 ceptum
208 3350 253 3402 bio
271 3366 309 3401 ou
327 3349 399 3403 oooia
421 3348 535 3416 sa’omlrx
558 3349 703 3415 usurpatio
725 3349 862 3414 referatur
880 3345 975 3413 quaeri
996 3349 1101 3412 potem

85 3422 150 3476 baec
169 3428 260 3474 tomen
277 3421 449 3474 verisimilior
467 3425 505 3472 est
524 3419 568 3487 (of.
589 3420 678 3489 Unger
697 3419 714 3471 l.
731 3435 752 3472 c.
767 3435 797 3486 p.
815 3419 885 3484 189).

158 3532 173 3578 2
193 3526 273 3579 heres
291 3528 350 3580 soel.
370 3527 435 3580 Keil
453 3533 484 3580 ut
503 3542 604 3593 exseq.
628 3524 708 3578 heres
727 3542 750 3578 o.
765 3528 803 3578 20
827 3525 997 3577 intersertum
1017 3537 1100 3589 saepe

86 3601 155 3662 oooi.
177 3597 354 3652 Lindemann
