2444 3902
404 195 434 249 P.
453 195 586 265 Nigidius
604 195 720 264 Figulus
1006 195 1066 258 177

118 473 189 528 sunt
227 473 279 546 qui
310 471 417 530 Ianum
454 471 578 530 eundem
612 490 674 530 esse
711 474 802 546 utque
836 472 1006 546 Apollinem
1039 475 1069 530 et

54 559 180 618 Dianam
209 559 320 634 dicent,
347 563 378 619 et
399 563 440 619 in.
458 561 514 619 hoo
537 579 595 618 uno
619 563 778 636 utrumque
807 563 932 635 exprimi
958 581 1068 620 numen

54 648 217 708 adfirment.
273 651 417 722 etenim,
450 651 526 708 siout
549 649 689 726 Nigidius
713 669 831 725 quoque
854 650 953 724 refert,
987 651 1068 725 apud

55 735 177 798 Graecos
202 739 312 814 Apollo
336 739 445 797 colitur
468 740 522 814 qui
544 743 672 815 θυραῖος
695 741 826 813 vocatur,
855 741 976 815 eiusque
1000 757 1067 798 aras

55 829 120 884 onte
138 828 218 886 fores
238 846 306 886 suus
326 828 485 902 eelebrent,
507 830 606 904 ipsum
626 830 721 887 exitus
740 831 771 886 et
788 828 929 887 introitus
948 828 1069 887 demon·
1096 840 1122 880 5·

55 918 179 974 strantes
212 919 380 992 potentem3
417 917 497 975 idem
525 917 635 992 Apollo
669 918 749 991 apud
780 919 848 976 illos
881 920 911 975 et
948 915 1068 996 ἀγυιεὺς

54 1007 251 1081 nunoupatur,
274 1007 361 1081 quasi
380 1006 437 1064 viis
460 1007 648 1082 praepositus
671 1007 792 1064 urbanis
817 998 877 1088 (illi
896 1008 975 1064 euim
994 1007 1068 1081 vius,

55 1113 126 1167 quse
148 1097 231 1154 intra
253 1095 388 1171 pomeria
411 1099 489 1169 sunt,
516 1092 621 1174 ἀγυιὰς
650 1087 830 1176 appellent),
858 1096 974 1154 Dianae
997 1115 1067 1154 vero

54 1187 85 1240 ut
103 1183 223 1242 Triviae
241 1185 359 1242 viarum
380 1186 513 1243 omnium
533 1185 671 1243 tribuunt
693 1187 879 1260 potestatem.
918 1185 969 1244 sed
988 1186 1068 1261 apud

55 1291 104 1331 nos
122 1273 228 1331 Ianum
253 1273 389 1332 omnibus
413 1292 549 1348 proeesse
572 1275 671 1333 ianuis
695 1293 802 1332 nomon
825 1275 964 1348 ostendit,
989 1274 1068 1348 quod
1083 1287 1108 1326 10

56 1364 97 1419 est
119 1363 217 1420 simile
245 1362 371 1446 θυραίᾳ).
417 1383 487 1422 num
511 1365 540 1422 et
564 1381 629 1421 eum
654 1363 790 1435 slaviae
813 1365 898 1442 virgo
922 1363 1068 1440 figuratur

56 1451 137 1524 quasi
161 1452 294 1510 omnium
314 1455 344 1508 et
361 1455 515 1527 porterum
541 1455 640 1510 eustos
665 1456 694 1509 et
717 1456 815 1512 rootor
836 1453 962 1512 viarum.
1000 1472 1067 1527 pro·

56 1541 204 1600 nuntiavit
217 1541 359 1617 Nigidius
373 1541 545 1616 Apollinem
560 1541 666 1600 Ianum
681 1561 743 1599 esse
758 1541 948 1618 Dianamque
961 1542 1068 1600 lanam

57 1628 225 1703 adpositad
249 1630 361 1704 littere,
385 1650 460 1704 quse
484 1649 571 1705 saepe
594 1633 606 1689 i
628 1631 748 1689 litterae
771 1649 861 1690 eausa
884 1631 996 1690 decoris
1016 1631 1067 1690 ud·

56 1720 181 1794 ponitur,
203 1719 319 1777 reditur
341 1719 515 1778 redhibetur
537 1719 759 1796 redintegretur
782 1723 811 1779 et
834 1721 952 1779 similia.
1082 1732 1107 1772 15

124 1819 247 1872 Macros.
269 1823 293 1884 1,
308 1822 334 1884 9,
349 1821 366 1872 5
398 1834 464 1870 nam
487 1836 539 1872 sunt
553 1833 631 1880 qui-
645 1833 767 1872 etsimffio.
813 1820 863 1873 hoo
884 1820 982 1889 fragm.
1007 1837 1067 1873 oum

56 1887 89 1950 fr.
102 1893 144 1943 43.
164 1893 206 1942 44.
226 1893 262 1943 45
290 1891 405 1956 fortasse
428 1891 466 1943 od
489 1907 557 1956 opus
580 1891 624 1944 De
650 1890 705 1944 diis
729 1891 854 1958 pertinet.
901 1891 935 1957 of.
962 1890 1066 1955 Cornifi

56 1959 89 2022 fr.
106 1964 132 2014 2.
171 1961 241 2016 Gan.
260 1959 343 2014 Boss.
361 1962 397 2027 fr.
417 1967 442 2015 9.

122 2051 296 2104 4ΘΙΡΑΙΟΕ
312 2052 403 2105 Paris.
496 2057 511 2103 6
531 2051 677 2104 ΛΤΥΙΕΥΟ
696 2051 795 2104 Bemb.
810 2069 844 2104 m.
861 2056 876 2105 1
969 2056 982 2103 7
1002 2050 1066 2120 viis]

58 2117 95 2172 vis
113 2123 211 2176 Bamb.
230 2139 264 2174 m.
281 2127 296 2176 1
406 2128 437 2175 11
458 2123 501 2174 est
519 2140 569 2176 om.
590 2123 681 2176 Paris.

489 2276 530 2331 43
570 2275 613 2331 72

118 2381 228 2439 uostris
263 2361 412 2439 veteribus
450 2267 661 2438 oaesia[didte
693 2384 750 2454 est,
788 2399 863 2456 quoe
897 2399 915 2438 e
947 2378 1066 2440 Graecis

59 2468 229 2542 γλαυκῶπις,
256 2471 292 2527 ut
314 2459 453 2546 Nigidius
478 2471 530 2542 nit,
558 2469 593 2527 de
617 2470 714 2529 ooloro
730 2470 821 2542 eseli,
849 2471 936 2544 quusi
964 2470 1066 2528 caelia.

142 2567 210 2622 Gell.
230 2571 367 2632 2,26,19
396 2582 477 2622 nostn's
501 2569 596 2621 aulem
619 2582 731 2622 veteribus
745 2600 772 2606 -
785 2582 863 2621 coelia.
900 2568 934 2634 cf.
961 2569 1015 2624 Cic.
1035 2568 1067 2622 de

59 2639 148 2692 ootd.
169 2644 194 2705 1,
209 2642 255 2693 83.
294 2638 374 2694 OGL
389 2641 427 2693 H
441 2643 487 2706 95,
501 2644 545 2693 39.
589 2641 688 2706 V275,
703 2643 747 2692 65.
785 2639 870 2694 Schol.
895 2641 953 2693 Ter.
970 2643 1067 2709 p.145

60 2705 147 2764 seue.
189 2711 222 2764 de
241 2710 413 2765 collocutione
433 2712 467 2777 of.
487 2712 525 2764 od
543 2712 578 2777 fr.
594 2714 637 2764 42.

123 2805 136 2851 1
157 2799 250 2852 caetis
269 2799 340 2868 (eiu
364 2801 460 2868 Vetto.)
481 2801 572 2853 Poris.
592 2800 759 2869 Luqd-Bot.
780 2801 866 2854 Vatis.

488 2953 530 3008 44
555 2944 626 3028 [71]

118 3058 171 3115 alii
195 3057 308 3130 dieunt,
336 3075 371 3114 ex
394 3056 502 3132 quibus
525 3056 673 3134 Nigidius
702 3077 802 3116 omnes
827 3057 896 3116 deos
919 3058 1065 3134 indigetes

59 3146 262 3221 cognominari,
287 3145 358 3221 quie
380 3145 493 3204 nullius
515 3145 659 3222 indigent.

121 3245 207 3300 Schol.
224 3246 308 3299 Bere.
322 3261 410 3314 georg.
426 3250 451 3310 1,
461 3249 517 3298 498
537 3244 679 3314 indigetes
696 3261 713 3296 a
726 3243 835 3299 Latinis
855 3244 904 3312 qui
920 3259 937 3297 a
953 3242 1065 3297 Graecis

60 3311 165 3386 ἔμμωχοι
193 3315 331 3387 [enniohi:
359 3333 407 3369 em.
432 3315 565 3386 Sinteuis]
593 3315 731 3368 dicuntur.
769 3329 809 3369 aui
826 3345 853 3355 -
870 3329 978 3378 indigens
1015 3311 1066 3367 elii

59 3383 189 3458 indigetes
204 3387 317 3456 proprie
335 3386 564 3455 interpretantis,
584 3402 703 3455 quorum
720 3387 835 3456 propria
853 3386 968 3439 nomine
986 3386 1065 3455 igno-

59 3461 155 3524 rentur,
177 3461 211 3512 ut
234 3460 300 3512 sunt
323 3457 364 3511 dii
383 3458 512 3526 Penates,
535 3459 604 3512 item
628 3459 669 3512 dii
687 3457 771 3512 Lares
794 3460 823 3512 et
846 3457 886 3511 dii
905 3456 1064 3522 Consentes,

59 3529 359 3598 quorum'singulorum
376 3529 491 3583 nomine
509 3530 682 3599 ignorentur.
715 3529 777 3583 olii:
797 3530 937 3598 indigetes
954 3528 1065 3597 proprie

59 3604 117 3655 suns
142 3601 183 3655 dii
207 3617 242 3655 ex
264 3600 425 3654 hominibus
448 3601 526 3665 faeti,
556 3601 637 3670 quasi
662 3601 691 3653 in
718 3601 771 3654 diis
798 3604 922 3669 agentes,
951 3599 1065 3654 abusive

105 3699 269 3742 Grammaticos
287 3701 404 3740 Romam
422 3702 551 3751 fragments
569 3701 603 3740 ed.
622 3701 744 3738 Fusniom
817 3695 850 3742 12
