2442 3902
178 128 245 193 416
327 128 536 183 Grammatieae
554 128 657 182 aetatis
675 127 868 182 varronianae
886 127 1046 197 fragmenta

250 289 331 344 aliter
350 291 438 346 Varro
450 290 486 356 fr.
501 292 564 343 221.
596 289 712 360 fortusse
729 289 797 342 hoec
807 290 959 358 posteriore
978 295 1064 344 neme
1081 289 1174 342 Verrius
1202 351 1203 356 Ἰ

177 363 356 431 recogitooit5
377 361 412 426 cf.
428 361 502 416 Fert.
514 378 545 430 p.
561 364 642 426 313⁶,
656 364 692 414 13
716 359 826 431 (Verrio
844 367 967 418 amore:
990 359 1128 433 stelionem
1149 388 1174 398 -
1202 369 1203 382 ¹

177 431 317 503 die<tnm‚
336 433 404 499 quia
422 431 496 486 virus
515 431 658 503 in>etillet
676 429 758 502 cibo).
822 497 825 504 Δ

675 585 694 640 9
1011 588 1014 596 .
1105 637 1107 640 ,

246 707 343 781 Quivit.
369 712 397 776 1,
424 710 451 774 6,
471 709 515 767 38
547 707 669 782 quidam
698 725 758 766 non
788 705 965 765 dubitarunt
995 704 1171 782 etymologine

176 796 310 856 subicere
339 815 456 855 omnem
485 797 614 855 nominis
638 813 767 880 causam,
791 798 891 854 ut-
915 814 951 854 ex
974 814 1048 855 sono
1071 799 1170 855 stertere

176 904 375 960 murmurare3
399 888 490 944 etiam
514 886 658 960 derivata,
684 887 719 942 ut
742 904 759 943 a
783 883 942 944 velocitate
966 885 1077 944 dicitur
1097 883 1170 953 velox,

176 978 207 1033 et
230 977 395 1050 composita
421 974 509 1050 plura
536 975 582 1032 his
597 963 736 1047 similia,
764 992 842 1049 quae
868 975 932 1033 sine
956 973 1047 1033 dnbio
1070 969 1169 1032 aliunde

176 1063 323 1141 originem
347 1063 468 1136 ducunt,
492 1063 544 1122 sed
567 1066 631 1122 arte
653 1082 714 1121 non
737 1066 833 1141 egent.

665 1227 705 1281 10

245 1348 341 1422 Quint.
367 1352 395 1414 1,
417 1347 445 1415 5,
468 1351 510 1406 67
546 1347 726 1407 solitaurilia
758 1348 819 1406 inm
851 1365 1026 1424 persuasum
1055 1349 1097 1406 est
1123 1361 1173 1403 esse

176 1437 405 1511 suovetaurilia,
429 1439 460 1496 et
487 1456 558 1496 sane
589 1439 633 1496 ita
661 1456 692 1495 se
721 1436 812 1496 habet
842 1456 968 1512 sacrum,
997 1437 1085 1512 quale
1110 1431 1175 1509 apud

176 1526 340 1584 Homerum
366 1545 484 1602 quoque
508 1529 560 1585 est.

248 1625 329 1679 aliter
343 1625 433 1694 'Vela
458 1625 581 1690 Rafifr.
600 1628 627 1679 2.
655 1626 690 1690 cf.
705 1625 780 1679 Fert.
799 1642 829 1693 p.
848 1627 931 1689 29312,
951 1628 993 1679 10.
1027 1624 1096 1680 Sero.
1118 1623 1174 1675 Aa.
1205 1615 1206 1620 '

176 1700 204 1761 9,
219 1700 279 1750 624.
310 1695 388 1750 OGL
402 1697 437 1750 ΙΙ
450 1700 514 1761 186,
531 1701 553 1750 1.
572 1695 600 1748 =I
604 1697 630 1749 V
638 1699 705 1761 289,
720 1701 764 1749 56.

243 1844 387 1908 praetera
411 1840 476 1893 haic
501 1839 556 1904 fere
582 1841 668 1893 aetati
692 1837 908 1892 tanamaaoaia
933 1845 1023 1908 etymo
1048 1835 1176 1892 rma

175 1916 249 1975 aaut,
268 1926 338 1978 qaae
356 1926 375 1963 a
393 1911 485 1964 Paulo
502 1911 635 1978 Forteque
653 1911 751 1964 omaso
769 1911 878 1964 nomine
897 1911 1017 1964 auctorne
1035 1909 1176 1963 tradantur.

665 2064 704 2117 11

246 2185 353 2260 quibus
391 2188 486 2246 otium
520 2189 549 2244 et
581 2186 716 2244 studium
746 2187 806 2246 fnit
821 2215 823 2218 ·
836 2186 925 2250 uitas·
952 2188 1044 2261 atque
1080 2186 1175 2243 aetates

177 2275 333 2334 doctorum
364 2275 518 2334 hominnm
552 2293 694 2350 quaerere
727 2293 762 2334 ac
794 2276 955 2334 memoriae
991 2275 1115 2347 tradere,
1146 2269 1176 2327 de

176 2363 216 2425 M.
231 2363 362 2423 Pacuvio
378 2365 407 2422 et
421 2362 454 2423 L.
471 2364 561 2423 Accio
579 2365 703 2441 tragicis
721 2365 818 2440 poetis
837 2364 993 2422 historiam
1012 2361 1176 2440 scripserunt

176 2452 299 2512 huiusce
332 2452 427 2512 modi:
460 2471 536 2512 curu
561 2453 744 2515 Pacuvius
770 2452 923 2528 vinquiunt
959 2453 1089 2531 grandi
1118 2449 1175 2508 ian

151 2544 299 2602 raetate
323 2544 358 2601 et
380 2540 500 2601 morbo
524 2544 686 2617 eorporis
709 2541 854 2602 diutino
877 2541 1044 2603 adfectus
1062 2542 1175 2602 Taren·

176 2633 252 2691 tum
275 2650 315 2690 ex
338 2631 423 2690 urbe
441 2631 550 2690 Roma
573 2633 828 2706 concessisset,
851 2631 982 2693 Accius
1003 2627 1175 2690 touchant

177 2739 289 2796 parvo
312 2719 434 2778 iunior
455 2719 695 2795 proficiscens
718 2721 755 2778 in
775 2720 910 2794 Asiam,
933 2737 1011 2782 cnm
1034 2719 1069 2778 in
1091 2715 1174 2792 oppl-

177 2809 258 2868 dum
285 2811 459 2883 venisset,
489 2809 648 2868 devertit
675 2809 719 2868 ad
746 2808 941 2871 Pacuuium
971 2809 1174 2880 comiterque

178 2900 360 2958 invitatus
383 2896 702 2974 plusculisqueab
723 2916 762 2956 eo
786 2897 910 2962 diebus
933 2899 1094 2956 retentus
1114 2897 1173 2952 tra·

138 3007 165 3046 10
178 2987 343 3065 goediam
366 3006 477 3062 suam,
501 2989 559 3046 oui
577 2987 713 3046 Atreus
731 3006 856 3045 nomen
876 2990 944 3058 est,
967 2979 1173 3046 desideranti

177 3076 278 3153 legit.
323 3080 388 3134 tum
412 3076 575 3135 Pacuvium
603 3077 711 3136 dixisse
739 3075 825 3135 aiunt
847 3093 955 3135 sonora
978 3075 1095 3151 quidem
1115 3087 1173 3140 esse,

178 3183 258 3236 quae
290 3165 470 3239 scripsisset,
502 3170 532 3222 et
564 3165 703 3241 grandia,
736 3165 788 3223 sed
817 3164 912 3223 videri
943 3167 1047 3223 tamen
1075 3182 1107 3221 ea
1127 3157 1174 3218 sibi

178 3249 302 3308 duriora
322 3251 446 3326 paulum
464 3254 495 3310 et
514 3251 674 3316 acerbiora,
716 3254 769 3311 ita
792 3257 859 3327 est,
881 3253 981 3327 inquit
999 3253 1110 3324 Accius,
1130 3246 1174 3305 nti

178 3335 285 3408 dicis,
318 3356 429 3414 neque
457 3339 494 3397 id
521 3359 572 3397 ure
601 3357 684 3399 sane
710 3342 889 3417 paenitet3
918 3342 1067 3400 meliora
1095 3340 1175 3398 anim

139 3421 254 3480 rasore
278 3440 394 3497 spero,
422 3444 509 3500 quae
533 3426 700 3506 deinceps
723 3430 889 3506 scribam.
934 3447 1012 3492 nam
1037 3426 1176 3504 quadiu

178 3508 305 3583 pomis,
335 3510 460 3568 itidem
488 3516 588 3588 inquit
615 3534 691 3575 esse
714 3519 817 3577 aiunt
839 3520 875 3576 in
899 3519 1071 3598 ingeniis3
1099 3531 1178 3592 quae
