2534 3908
468 899 762 987 PRAEFATIO

175 1129 300 1189 disiecta
322 1129 584 1206 grammaticorum
606 1130 704 1189 frusta
727 1132 762 1188 ut
785 1129 955 1206 colligerem
978 1133 1047 1189 ante
1070 1131 1122 1188 hos

107 1223 167 1278 tres
199 1219 261 1277 fere
293 1237 386 1278 annos
414 1218 576 1278 Buecheler
606 1218 681 1278 mibi
713 1223 819 1278 auctor
850 1219 922 1277 fuit:
955 1237 992 1277 en
1023 1219 1123 1292 habes,

107 1310 210 1380 lector,
228 1308 394 1367 studiorum
406 1307 565 1383 primitiae,
580 1326 654 1383 quas
669 1326 788 1383 quaeso,
802 1308 1032 1383 qualescumque
1046 1309 1123 1382 sunt,

107 1397 236 1474 benigne
257 1399 393 1473 accipias.
430 1415 490 1454 non
508 1398 605 1455 multe
623 1396 722 1456 deesse
741 1415 836 1472 spero,
859 1397 956 1455 multa
974 1398 1123 1473 perpolita

108 1506 167 1546 non
190 1503 253 1546 esse
276 1487 346 1561 scio,
370 1486 431 1545 alia
447 1487 573 1545 fortasse
593 1489 691 1544 errata
711 1489 805 1560 erunt,
830 1505 908 1562 quae
926 1488 1019 1545 tironi
1036 1487 1123 1545 bene·

108 1576 173 1634 vole
205 1577 348 1652 ignosces.
400 1593 435 1635 ac
467 1575 643 1650 praesertim
675 1575 759 1635 doleo
793 1575 872 1651 quod
904 1577 936 1633 in
969 1579 1123 1635 auctorum

108 1683 264 1739 rerumque
287 1663 457 1722 nominibus
480 1663 668 1723 decurtandis
691 1683 751 1723 non
774 1683 890 1740 semper
913 1667 1051 1724 constans
1070 1665 1123 1738 fui,

109 1756 142 1811 ut
155 1773 184 1829 p.
196 1754 259 1811 107
275 1753 310 1810 ir.
326 1756 353 1810 1.
366 1755 437 1827 100,
450 1755 477 1811 2.
493 1754 566 1826 113,
577 1755 604 1812 8.
623 1754 695 1828 116,
707 1755 747 1812 13
759 1753 903 1813 Varronis
917 1754 1122 1812 Florentinum

109 1841 239 1901 codicem
265 1843 394 1917 primum
415 1837 520 1900 ‘Flos'
545 1842 690 1915 indicavi,
718 1842 823 1901 deinde
844 1838 914 1918 ‘r’;
943 1843 1022 1918 quod
1044 1843 1123 1902 idem
1211 1851 1213 1857 '

108 1930 256 1989 interdum
274 1930 306 1988 in
324 1931 496 1989 litteratura
514 1930 624 1990 accidit
642 1924 692 2011 (cf.
712 1930 857 1990 Addenda
876 1934 907 1990 61
926 1929 1121 2013 corrigenda).

174 2020 210 2078 de
227 2020 344 2079 ratione
362 2020 431 2078 libri
449 2020 522 2078 haec
535 2021 683 2079 monenda
696 2024 773 2080 sunt.
805 2023 838 2080 in
853 2023 996 2096 quattuor
1009 2021 1124 2080 scilicet

108 2113 207 2184 partes
231 2128 266 2166 ex
289 2111 456 2184 temporum
477 2109 644 2170 rationibus
663 2109 776 2170 divisus
797 2111 1007 2187 grammaticos
1025 2113 1123 2169 vetus-

106 2200 197 2258 tiores
216 2216 308 2272 usque
328 2197 366 2256 ad
379 2198 490 2256 liberii
510 2200 638 2257 aetatem
657 2199 802 2258 continet:
821 2199 1023 2276 grammaticis
1043 2217 1124 2278 acce,

107 2287 180 2346 dunt
194 2288 271 2345 varii
285 2287 452 2362 scriptores,
471 2289 533 2346 sive
547 2290 669 2346 nomina
682 2287 886 2347 enodaverunt
899 2290 961 2347 sive
976 2307 1122 2365 gramma·

105 2377 195 2436 ticam
210 2375 385 2450 litterasque
398 2376 575 2454 tetigerunt3
590 2378 620 2434 in
637 2377 744 2452 quibus
758 2377 1023 2436 tamenbrevitatis
1034 2395 1123 2436 causa

105 2467 185 2523 11116
205 2467 349 2524 terminos
369 2484 478 2539 eorum,
502 2484 628 2540 quorum
646 2467 816 2543 fragmenta
834 2467 952 2525 tantum
971 2466 1122 2540 hebemus,

104 2553 284 2613 manendum
308 2554 374 2613 fuit.
412 2554 492 2631 quod
515 2559 615 2613 sutem
638 2553 787 2614 Lucilium
809 2557 889 2614 inter
912 2558 1121 2632 grammaticos

104 2643 218 2718 rettuli,
236 2644 299 2702 noli
318 2646 411 2702 errori
427 2643 571 2717 tribuere;
592 2663 659 2702 eum
673 2645 751 2702 61111
767 2644 803 2703 ab
817 2644 909 2703 Accio
925 2644 1121 2720 separandum

104 2750 164 2790 non
192 2750 256 2792 esse
283 2733 397 2809 putavi.
443 2733 525 2791 Festi
549 2733 629 2792 locos
652 2733 750 2794 verbis
776 2729 842 2792 ‘elii
864 2727 978 2792 dicunt'
1003 2736 1034 2792 et
1056 2735 1120 2792 sim.

103 2821 281 2896 incipientes
305 2821 453 2897 suscipere
475 2841 534 2880 non
554 2824 648 2897 potui,
671 2824 730 2882 nisi
748 2824 846 2882 totum
865 2840 939 2897 opus
958 2822 1121 2880 exscribere

104 2910 248 2970 volebam,
285 2911 428 2987 reliquias
446 2913 491 2969 ita
510 2910 652 2987 disposui,
673 2914 708 2969 ut
726 2915 822 2970 certae
841 2930 957 2986 semper
976 2930 994 2969 6
1012 2911 1121 2986 dubiis,

102 3001 235 3058 incertae
257 2999 335 3059 sedis
358 3018 404 3058 res
424 3019 441 3058 6
460 3004 556 3060 certae
576 3000 652 3060 sedis
672 3001 732 3059 iere
752 3019 866 3075 semper
885 3002 1121 3077 seiungerentur3

104 3106 180 3163 quae
199 3092 300 3148 tamen
319 3091 398 3146 16116
416 3092 448 3146 11
462 3089 596 3148 Varrone
610 3090 738 3148 tenenda
751 3109 811 3149 uon
830 3089 897 3163 fuit,
916 3108 952 3148 ne
967 3107 1018 3148 eae
1032 3091 1121 3148 nimis

105 3176 347 3252 dispertirentur:
370 3177 418 3237 hic
440 3179 534 3255 igitur
555 3179 745 3253 potissimum
765 3178 943 3237 discriminis
962 3181 1056 3256 siguis
1075 3180 1122 3237 uti

104 3285 221 3326 necesse
253 3267 319 3326 luit.
370 3270 499 3326 ceterum
526 3269 558 3324 in
586 3269 752 3343 praeceptis
780 3269 984 3345 grammaticis
1012 3287 1121 3340 rerum,

104 3357 132 3413 11
163 3357 272 3432 etymis
300 3356 469 3415 litterarum
498 3356 630 3416 ordinem
659 3360 778 3416 secutus
804 3375 878 3416 sum.
925 3358 1005 3415 vitae
1030 3357 1121 3417 etiam

105 3443 307 3520 librorumque
329 3447 511 3520 testimonia,
535 3446 632 3521 quoad
656 3446 720 3504 fieri
743 3448 850 3522 potuit,
873 3448 974 3505 omnis
994 3447 1120 3521 protuli3

105 3533 154 3594 ubi
176 3535 297 3613 longior
319 3535 446 3593 materia
470 3535 689 3611 suppeditabat,
712 3537 744 3592 in
768 3535 952 3611 graiissimis
974 3535 1119 3608 acquievi.
