2442 3902
171 172 237 235 258
319 170 527 225 samasaaa
546 171 649 226 aasasa
667 171 860 226 varronianae
878 170 1033 242 fragmenta
1194 148 1201 231 Ι

170 330 253 386 lium:
278 333 402 386 tractum
424 331 500 399 qnod
523 333 588 386 ante
611 332 747 385 maximas
769 330 880 400 pluvias
904 331 1011 388 caelum
1030 347 1108 386 rorare
1121 329 1152 382 in·

171 402 269 472 cipiet.
287 434 321 443 -
340 402 429 456 Varro
447 403 484 457 de
501 403 562 456 visa
578 402 678 472 populi
695 403 816 457 Romani
834 403 883 457 lib.
898 402 1044 458 Hl:·aararii
1055 434 1078 442 -
1088 415 1152 462 noia
1204 403 1205 408 ’

170 475 205 540 cf.
226 474 314 530 Varro
332 475 365 528 ds
384 475 401 529 1.
416 475 450 528 L.
466 478 493 540 7,
507 478 553 530 58.
600 474 691 528 ch'i
713 481 810 528 castor
831 481 900 530 certe
915 475 1002 532 Varro
1017 476 1068 542 fait
1082 473 1152 542 (Paci
1204 473 1205 526 Ϊ

170 545 245 600 Fert.
256 563 286 614 p.
302 550 345 612 11,
360 550 402 600 15.
420 549 485 611 264,
499 547 536 614 8).

243 640 257 688 1
276 633 488 687 imminentibus
506 633 588 686 imbr.
607 633 760 690 aliaeue

596 786 664 844 216
688 778 758 863 [17]

237 893 255 950 l.
278 892 337 952 IV.
389 891 427 950 in
463 909 532 966 quo
569 894 624 950 est
660 909 921 967 supervacuum
963 911 1026 968 pro
1061 908 1155 967 super·

169 999 335 1040 vacaneo.

241 1081 316 1135 Noa.
327 1098 357 1149 p.
373 1083 435 1144 525,
451 1084 485 1134 11
503 1094 706 1146 supcnacnum
720 1095 776 1134 non
789 1079 875 1147 putat
889 1079 1019 1146 oportere
1033 1078 1086 1133 dici
1093 1078 1157 1131 Varro
1201 1123 1202 1148 ,

170 1150 205 1204 de
219 1151 278 1204 vita
290 1149 388 1220 populi
401 1149 522 1204 Romani
535 1149 584 1204 lib.
595 1149 641 1216 IV,
656 1149 706 1204 scd
720 1165 971 1218 supervacaneum:
990 1165 1158 1214 inqua-aaa

169 1247 275 1276 vacaneo.
302 1224 337 1289 cs.
357 1222 431 1276 ΓΜ.
446 1239 476 1290 1).
490 1221 575 1286 293³,
589 1223 633 1274 33.
1202 1235 1205 1292 i

494 1398 542 1452 nn
562 1397 731 1452 rancun
749 1397 872 1464 aranas,
962 1406 966 1414 ·

641 1533 708 1590 217

237 1639 274 1699 ab
298 1639 353 1699 hoc
378 1659 495 1716 quoqne
519 1641 661 1714 quattuor
683 1639 778 1714 partis
802 1640 884 1698 urbis
907 1639 1005 1698 tn'bus
1029 1639 1116 1697 diotae
1134 1633 1162 1692 ab

169 1729 256 1804 locis,
286 1727 444 1788 Suburana
466 1728 605 1787 Palatina
632 1728 791 1804 Esquilina
814 1726 945 1804 Collina,
974 1729 1078 1803 quinta
1100 1721 1163 1801 qnod

169 1816 224 1878 sub
251 1817 348 1877 Roma
370 1817 509 1876 Romilia.
555 1817 597 1877 sic
626 1817 760 1892 reliquae
789 1816 917 1895 triginta
947 1817 985 1876 ab
1014 1817 1059 1876 his
1086 1813 1164 1882 rebus,

169 1905 276 1983 quibus
297 1909 331 1965 in
352 1907 467 1966 tribum
489 1907 575 1966 libris
598 1907 710 1982 scripsi.

245 2005 333 2060 Varro
351 2005 384 2059 ds
402 2007 420 2059 l.
435 2006 470 2059 L.
486 2009 511 2070 5,
527 2009 564 2059 56
582 2020 610 2059 ao
623 2019 805 2066 naa-aspar

407 2183 456 2236 EX
474 2181 758 2237 DISCLPLINARUM
776 2181 894 2235 LIBRIS
912 2181 951 2235 IX

240 2308 396 2378 frapnasata
401 2309 489 2377 peina
500 2309 565 2362 libri
573 2307 617 2360 De
625 2308 806 2378 marcomania
815 2324 903 2376 supra
911 2307 1074 2376 collocaoip.
1084 2309 1166 2370 soso.

171 2380 203 2434 ds
222 2380 401 2448 dispositione
418 2380 503 2434 totius
520 2381 609 2448 operis
625 2379 661 2444 cf.
676 2378 783 2433 Bitsctl
795 2393 838 2447 cp.
854 2382 880 2444 3,
895 2383 993 2448 352sq.
1008 2385 1032 2433 ct
1046 2374 1166 2431 Liras-

170 2451 219 2516 la'aa,
243 2451 342 2505 Phaet.
358 2454 375 2503 3
394 2451 487 2518 (1858)
502 2453 663 2520 1173688,
681 2451 743 2503 item
762 2453 795 2502 dc
813 2451 977 2519 amparcaa
996 2450 1099 2506 staret
1114 2443 1166 2500 ibid

167 2539 195 2591 p.
211 2527 265 2576 400
283 2528 309 2576 et
326 2527 421 2576 coeca
442 2521 592 2592 Oerppe,
610 2522 725 2575 Hermes
744 2525 786 2586 11,
800 2523 899 2590 235sq.

640 2672 708 2729 218

237 2780 285 2838 lib.
310 2780 342 2838 V.
397 2779 496 2838 aliud
533 2781 587 2838 est
624 2780 753 2853 quarto
790 2781 994 2852 praetorem
1030 2777 1113 2836 fieri
1143 2775 1169 2831 et

171 2869 272 2928 aliud
303 2871 483 2944 quartum,
517 2866 609 2944 quod
639 2869 768 2942 quarto
798 2867 915 2926 locum
946 2863 1169 2945 adsignificat

171 2977 209 3018 ae
231 2959 305 3016 tres
331 2960 414 3016 ante
437 2958 566 3034 factos,
590 2959 758 3034 quartum
780 2959 921 3033 tempus
945 2952 1169 3034 adsignificat

171 3049 205 3106 ct
236 3050 292 3106 ter
324 3048 406 3105 ante
438 3046 581 3106 factum.
626 3047 744 3124 igitur
773 3046 911 3105 Ennius
942 3048 1055 3119 recte,
1090 3037 1168 3119 quod

132 3155 156 3217 ,⁶
171 3135 322 3211 scripsit
350 3127 432 3218 [awa
451 3136 517 3194 295
533 3127 593 3214 VJ]
623 3129 793 3202 ‘Quintus
820 3138 925 3211 pater
948 3136 1113 3210 quartum
1133 3129 1170 3188 fit

171 3219 322 3299 consul'‚
350 3227 384 3283 et
405 3225 595 3299 Pompeius
618 3224 759 3298 timide,
787 3223 882 3300 quod
904 3225 941 3283 in
963 3223 1170 3294 theatrale

170 3314 397 3375 adscriberet
416 3306 556 3372 ‘consul
574 3308 738 3371 tertium’
754 3316 817 3371 aut
836 3307 990 3387 ‘tertio’,
1009 3314 1169 3372 extremas

170 3403 317 3461 litteras
340 3419 409 3459 non
432 3403 590 3477 scripsit.

246 3497 312 3551 salz.
332 3501 460 3562 10,1,6
487 3499 571 3552 verba
593 3499 630 3554 M.
654 3498 788 3554 Varronis
816 3517 850 3553 ex
877 3499 950 3555 libro
974 3498 1170 3570 disciplinarum

173 3565 270 3630 quinto
289 3565 359 3619 hacc
377 3570 454 3621 sunt:
474 3584 536 3623 anan
549 3587 583 3624 aas
595 3602 622 3610 -
635 3583 728 3632 mapsa
756 3571 830 3626 Noa.
847 3588 878 3640 p.
892 3575 956 3638 435,
970 3575 989 3625 8
1008 3565 1169 3641 quantumst
