<?xml version="1.0" encoding="UTF-8"?>
<!DOCTYPE html PUBLIC "-//W3C//DTD XHTML 1.0 Transitional//EN"
    "http://www.w3.org/TR/xhtml1/DTD/xhtml1-transitional.dtd">
<html xmlns="http://www.w3.org/1999/xhtml" xml:lang="en" lang="en">
 <head>
  <title>
</title>
<meta http-equiv="Content-Type" content="text/html;charset=utf-8" />
  <meta name='ocr-system' content='tesseract 3.04.00' />
  <meta name='ocr-capabilities' content='ocr_page ocr_carea ocr_par ocr_line ocrx_word'/>
</head>
<body>
  <div class='ocr_page' id='page_1' title='image "./grammaticaeroma00funagoog_0450.png"; bbox 0 0 2442 3902; ppageno 0'>
   <div class='ocr_carea' id='block_1_1' title="bbox 173 181 1045 253">
    <p class='ocr_par' dir='ltr' id='par_1_1' title="bbox 173 181 1045 253">
     <span class='ocr_line' id='line_1_1' title="bbox 173 181 1045 253; baseline 0 -16"><span class='ocrx_word' id='word_1_1' title='bbox 173 181 241 246; x_wconf 82' lang='lat'><strong>410</strong></span> <span class='ocrx_word' id='word_1_2' title='bbox 322 181 528 236; x_wconf 78' lang='lat' dir='ltr'><strong>Grammaticos</strong></span> <span class='ocrx_word' id='word_1_3' title='bbox 548 183 651 237; x_wconf 77' lang='lat' dir='ltr'><strong>aetatis</strong></span> <span class='ocrx_word' id='word_1_4' title='bbox 670 182 863 238; x_wconf 74' lang='lat' dir='ltr'><strong>Varronianus</strong></span> <span class='ocrx_word' id='word_1_5' title='bbox 882 183 1045 253; x_wconf 82' lang='lat' dir='ltr'><strong>fragmenta</strong></span> 
     </span>
    </p>
   </div>
   <div class='ocr_carea' id='block_1_2' title="bbox 145 350 1177 784">
    <p class='ocr_par' dir='ltr' id='par_1_2' title="bbox 172 350 1173 428">
     <span class='ocr_line' id='line_1_2' title="bbox 172 350 1173 428; baseline -0.001 -19"><span class='ocrx_word' id='word_1_6' title='bbox 172 351 424 428; x_wconf 73' lang='lat' dir='ltr'>interpellaretur,</span> <span class='ocrx_word' id='word_1_7' title='bbox 439 369 563 426; x_wconf 88' lang='lat' dir='ltr'><strong>seroque</strong></span> <span class='ocrx_word' id='word_1_8' title='bbox 581 350 705 408; x_wconf 78' lang='lat' dir='ltr'><strong>tandem</strong></span> <span class='ocrx_word' id='word_1_9' title='bbox 718 351 888 428; x_wconf 80' lang='lat' dir='ltr'><strong>ingressum</strong></span> <span class='ocrx_word' id='word_1_10' title='bbox 902 352 1070 411; x_wconf 86' lang='lat' dir='ltr'><strong>triclinium</strong></span> <span class='ocrx_word' id='word_1_11' title='bbox 1083 350 1173 410; x_wconf 76' lang='lat' dir='ltr'>dixisse</span> 
     </span>
    </p>

    <p class='ocr_par' dir='ltr' id='par_1_3' title="bbox 145 440 1177 784">
     <span class='ocr_line' id='line_1_3' title="bbox 145 440 1174 518; baseline -0.002 -20"><span class='ocrx_word' id='word_1_12' title='bbox 145 452 233 498; x_wconf 75' lang='lat' dir='ltr'><strong>onon</strong></span> <span class='ocrx_word' id='word_1_13' title='bbox 264 458 353 516; x_wconf 82' lang='lat' dir='ltr'><strong>saepe</strong></span> <span class='ocrx_word' id='word_1_14' title='bbox 385 442 417 497; x_wconf 90' lang='lat' dir='ltr'><strong>in</strong></span> <span class='ocrx_word' id='word_1_15' title='bbox 450 440 604 498; x_wconf 89' lang='lat' dir='ltr'><strong>scribendo</strong></span> <span class='ocrx_word' id='word_1_16' title='bbox 635 442 733 518; x_wconf 76' lang='lat' dir='ltr'><strong>magis</strong></span> <span class='ocrx_word' id='word_1_17' title='bbox 766 440 825 499; x_wconf 89' lang='lat' dir='ltr'><strong>sibi</strong></span> <span class='ocrx_word' id='word_1_18' title='bbox 857 443 1042 501; x_wconf 83' lang='lat' dir='ltr'><strong>successisse.</strong></span> <span class='ocrx_word' id='word_1_19' title='bbox 1088 440 1174 498; x_wconf 89' lang='lat' dir='ltr'><strong>deinde</strong></span> 
     </span>
     <span class='ocr_line' id='line_1_4' title="bbox 173 527 1177 608; baseline -0.003 -21"><span class='ocrx_word' id='word_1_20' title='bbox 173 532 313 608; x_wconf 83' lang='lat' dir='ltr'><strong>rogatum</strong></span> <span class='ocrx_word' id='word_1_21' title='bbox 332 532 367 587; x_wconf 92' lang='lat' dir='ltr'><strong>ut</strong></span> <span class='ocrx_word' id='word_1_22' title='bbox 385 529 497 606; x_wconf 87' lang='lat' dir='ltr'><strong>scripta</strong></span> <span class='ocrx_word' id='word_1_23' title='bbox 515 529 569 588; x_wconf 88' lang='lat' dir='ltr'><strong>illa</strong></span> <span class='ocrx_word' id='word_1_24' title='bbox 592 530 748 605; x_wconf 73' lang='lat' dir='ltr'><strong>proferret,</strong></span> <span class='ocrx_word' id='word_1_25' title='bbox 771 530 982 607; x_wconf 73' lang='lat' dir='ltr'><strong>pronuntiasse</strong></span> <span class='ocrx_word' id='word_1_26' title='bbox 1005 548 1114 604; x_wconf 81' lang='lat' dir='ltr'><strong>versus,</strong></span> <span class='ocrx_word' id='word_1_27' title='bbox 1136 527 1177 603; x_wconf 89' lang='lat' dir='ltr'><strong>qui</strong></span> 
     </span>
     <span class='ocr_line' id='line_1_5' title="bbox 171 612 1176 698; baseline -0.003 -20"><span class='ocrx_word' id='word_1_28' title='bbox 171 622 242 678; x_wconf 90' lang='lat' dir='ltr'><strong>sunt</strong></span> <span class='ocrx_word' id='word_1_29' title='bbox 268 621 300 677; x_wconf 89' lang='lat' dir='ltr'><strong>in</strong></span> <span class='ocrx_word' id='word_1_30' title='bbox 332 618 671 678; x_wconf 69' lang='lat' dir='ltr'><strong>Heautontimorumeno</strong></span> <span class='ocrx_word' id='word_1_31' title='bbox 702 612 813 698; x_wconf 79' lang='lat'><strong><em>[723]:</em></strong></span> <span class='ocrx_word' id='word_1_32' title='bbox 847 614 939 678; x_wconf 86' lang='lat' dir='ltr'><strong>‘satis</strong></span> <span class='ocrx_word' id='word_1_33' title='bbox 966 620 1018 697; x_wconf 93' lang='lat' dir='ltr'><strong>pol</strong></span> <span class='ocrx_word' id='word_1_34' title='bbox 1054 621 1176 695; x_wconf 82' lang='lat' dir='ltr'><strong>proterve</strong></span> 
     </span>
     <span class='ocr_line' id='line_1_6' title="bbox 172 702 792 784; baseline 0.002 -18"><span class='ocrx_word' id='word_1_35' title='bbox 172 727 220 766; x_wconf 91' lang='lat' dir='ltr'><strong>me</strong></span> <span class='ocrx_word' id='word_1_36' title='bbox 244 707 314 784; x_wconf 83' lang='lat' dir='ltr'><strong>Syri</strong></span> <span class='ocrx_word' id='word_1_37' title='bbox 336 709 483 784; x_wconf 88' lang='lat' dir='ltr'><strong>promissa</strong></span> <span class='ocrx_word' id='word_1_38' title='bbox 505 708 564 766; x_wconf 88' lang='lat' dir='ltr'><strong>hue</strong></span> <span class='ocrx_word' id='word_1_39' title='bbox 587 702 792 768; x_wconf 83' lang='lat' dir='ltr'><strong>induxerunt&#39;.</strong></span> 
     </span>
    </p>
   </div>
   <div class='ocr_carea' id='block_1_3' title="bbox 171 807 1173 946">
    <p class='ocr_par' dir='ltr' id='par_1_4' title="bbox 171 807 1173 946">
     <span class='ocr_line' id='line_1_7' title="bbox 243 807 1173 878; baseline -0.005 -16"><span class='ocrx_word' id='word_1_40' title='bbox 243 807 315 862; x_wconf 76' lang='lat' dir='ltr'><strong>Suet.</strong></span> <span class='ocrx_word' id='word_1_41' title='bbox 330 809 376 862; x_wconf 84' lang='lat' dir='ltr'><strong>eit.</strong></span> <span class='ocrx_word' id='word_1_42' title='bbox 394 807 453 862; x_wconf 84' lang='lat' dir='ltr'><strong>Ter.</strong></span> <span class='ocrx_word' id='word_1_43' title='bbox 465 824 494 878; x_wconf 83' lang='lat' dir='ltr'><strong>p.</strong></span> <span class='ocrx_word' id='word_1_44' title='bbox 510 810 545 862; x_wconf 85' lang='lat'><strong>31</strong></span> <span class='ocrx_word' id='word_1_45' title='bbox 554 808 589 862; x_wconf 84' lang='lat' dir='ltr'><strong>R.</strong></span> <span class='ocrx_word' id='word_1_46' title='bbox 612 821 688 870; x_wconf 66' lang='lat' dir='ltr'><strong>respo·</strong></span> <span class='ocrx_word' id='word_1_47' title='bbox 701 839 728 846; x_wconf 98' lang='lat'><em>-</em></span> <span class='ocrx_word' id='word_1_48' title='bbox 741 821 886 861; x_wconf 73' lang='lat' dir='ltr'><strong>mouerunt.</strong></span> <span class='ocrx_word' id='word_1_49' title='bbox 918 808 954 873; x_wconf 77' lang='lat' dir='ltr'><strong>cf.</strong></span> <span class='ocrx_word' id='word_1_50' title='bbox 976 808 1065 862; x_wconf 84' lang='lat' dir='ltr'><strong>Varro</strong></span> <span class='ocrx_word' id='word_1_51' title='bbox 1082 807 1173 874; x_wconf 81' lang='lat' dir='ltr'><strong>fr.301.</strong></span> 
     </span>
     <span class='ocr_line' id='line_1_8' title="bbox 171 878 386 946; baseline -0.019 -12"><span class='ocrx_word' id='word_1_52' title='bbox 171 878 276 934; x_wconf 77' lang='lat' dir='ltr'><strong>Santra</strong></span> <span class='ocrx_word' id='word_1_53' title='bbox 291 879 328 946; x_wconf 77' lang='lat' dir='ltr'><strong>fr.</strong></span> <span class='ocrx_word' id='word_1_54' title='bbox 344 882 386 933; x_wconf 84' lang='lat'><strong>13.</strong></span> 
     </span>
    </p>
   </div>
   <div class='ocr_carea' id='block_1_4' title="bbox 172 983 1176 1198">
    <p class='ocr_par' dir='ltr' id='par_1_5' title="bbox 172 983 1176 1198">
     <span class='ocr_line' id='line_1_9' title="bbox 245 983 1176 1056; baseline -0.004 -17"><span class='ocrx_word' id='word_1_55' title='bbox 245 992 259 1039; x_wconf 90' lang='lat'>1</span> <span class='ocrx_word' id='word_1_56' title='bbox 289 987 403 1039; x_wconf 76' lang='lat' dir='ltr'><strong>auctore</strong></span> <span class='ocrx_word' id='word_1_57' title='bbox 431 985 504 1039; x_wconf 88' lang='lat' dir='ltr'><strong>cerio</strong></span> <span class='ocrx_word' id='word_1_58' title='bbox 529 985 626 1056; x_wconf 63' lang='lat' dir='ltr'><strong>Regia.</strong></span> <span class='ocrx_word' id='word_1_59' title='bbox 746 990 761 1038; x_wconf 82' lang='grc'><strong>3</strong></span> <span class='ocrx_word' id='word_1_60' title='bbox 791 1002 821 1040; x_wconf 87' lang='lat' dir='ltr'><strong>se</strong></span> <span class='ocrx_word' id='word_1_61' title='bbox 843 993 909 1054; x_wconf 78' lang='lat' dir='ltr'><strong>post</strong></span> <span class='ocrx_word' id='word_1_62' title='bbox 936 1001 972 1040; x_wconf 88' lang='lat' dir='ltr'><strong>nc</strong></span> <span class='ocrx_word' id='word_1_63' title='bbox 1000 986 1066 1039; x_wconf 84' lang='lat' dir='ltr'><strong>odd.</strong></span> <span class='ocrx_word' id='word_1_64' title='bbox 1084 983 1176 1040; x_wconf 70' lang='lat' dir='ltr'><strong>Riesetl</strong></span> 
     </span>
     <span class='ocr_line' id='line_1_10' title="bbox 172 1055 1175 1128; baseline -0.003 -18"><span class='ocrx_word' id='word_1_65' title='bbox 172 1056 392 1125; x_wconf 70' lang='lat' dir='ltr'><strong>dinterpellaret</strong></span> <span class='ocrx_word' id='word_1_66' title='bbox 401 1058 438 1122; x_wconf 85' lang='lat' dir='ltr'><strong>A,</strong></span> <span class='ocrx_word' id='word_1_67' title='bbox 448 1057 555 1112; x_wconf 78' lang='lat' dir='ltr'><strong>Ritsctl</strong></span> <span class='ocrx_word' id='word_1_68' title='bbox 568 1055 798 1125; x_wconf 84' lang='lat' dir='ltr'><strong>interpollaretur</strong></span> <span class='ocrx_word' id='word_1_69' title='bbox 808 1059 906 1128; x_wconf 74' lang='lat' dir='ltr'><strong>Rspice.</strong></span> <span class='ocrx_word' id='word_1_70' title='bbox 918 1057 1000 1126; x_wconf 92' lang='lat' dir='ltr'><strong>·pcll-</strong></span> <span class='ocrx_word' id='word_1_71' title='bbox 1011 1059 1067 1112; x_wconf 85' lang='lat' dir='ltr'><strong>rell.</strong></span> <span class='ocrx_word' id='word_1_72' title='bbox 1114 1071 1175 1109; x_wconf 80' lang='lat' dir='ltr'><strong>sero-</strong></span> 
     </span>
     <span class='ocr_line' id='line_1_11' title="bbox 174 1128 890 1198; baseline 0.001 -16"><span class='ocrx_word' id='word_1_73' title='bbox 174 1145 228 1196; x_wconf 86' lang='lat' dir='ltr'><strong>que</strong></span> <span class='ocrx_word' id='word_1_74' title='bbox 248 1129 275 1182; x_wconf 82' lang='lat' dir='ltr'><strong><em>A</em></strong></span> <span class='ocrx_word' id='word_1_75' title='bbox 294 1129 382 1183; x_wconf 88' lang='lat' dir='ltr'><strong>serius</strong></span> <span class='ocrx_word' id='word_1_76' title='bbox 400 1128 457 1182; x_wconf 82' lang='lat' dir='ltr'><strong>rell.</strong></span> <span class='ocrx_word' id='word_1_77' title='bbox 530 1128 688 1198; x_wconf 81' lang='lat' dir='ltr'><strong>ingressum</strong></span> <span class='ocrx_word' id='word_1_78' title='bbox 708 1129 734 1182; x_wconf 88' lang='lat' dir='ltr'><strong><em>A</em></strong></span> <span class='ocrx_word' id='word_1_79' title='bbox 754 1146 814 1182; x_wconf 88' lang='lat' dir='ltr'><strong>·sus</strong></span> <span class='ocrx_word' id='word_1_80' title='bbox 832 1130 890 1183; x_wconf 84' lang='lat' dir='ltr'><strong>rell.</strong></span> 
     </span>
    </p>
   </div>
   <div class='ocr_carea' id='block_1_5' title="bbox 507 1292 857 1377">
    <p class='ocr_par' dir='ltr' id='par_1_6' title="bbox 507 1292 857 1377">
     <span class='ocr_line' id='line_1_12' title="bbox 507 1292 857 1377; baseline 0.003 -22"><span class='ocrx_word' id='word_1_81' title='bbox 507 1299 548 1356; x_wconf 80' lang='lat'><strong>12</strong></span> <span class='ocrx_word' id='word_1_82' title='bbox 571 1293 607 1372; x_wconf 84' lang='lat'><strong>[2</strong></span> <span class='ocrx_word' id='word_1_83' title='bbox 629 1298 676 1356; x_wconf 77' lang='lat' dir='ltr'><strong>oe</strong></span> <span class='ocrx_word' id='word_1_84' title='bbox 698 1298 760 1356; x_wconf 75' lang='lat' dir='ltr'><strong>ata</strong></span> <span class='ocrx_word' id='word_1_85' title='bbox 785 1292 857 1377; x_wconf 76' lang='lat' dir='ltr'><strong>cu]</strong></span> 
     </span>
    </p>
   </div>
   <div class='ocr_carea' id='block_1_6' title="bbox 172 1409 1175 1676">
    <p class='ocr_par' dir='ltr' id='par_1_7' title="bbox 172 1409 1175 1676">
     <span class='ocr_line' id='line_1_13' title="bbox 238 1409 1175 1498; baseline -0.004 -18"><span class='ocrx_word' id='word_1_86' title='bbox 238 1422 331 1482; x_wconf 83' lang='lat' dir='ltr'><strong>refert</strong></span> <span class='ocrx_word' id='word_1_87' title='bbox 368 1421 522 1481; x_wconf 75' lang='lat' dir='ltr'><strong>Cornelius</strong></span> <span class='ocrx_word' id='word_1_88' title='bbox 556 1421 657 1496; x_wconf 87' lang='lat' dir='ltr'><strong>Nepos</strong></span> <span class='ocrx_word' id='word_1_89' title='bbox 694 1440 724 1480; x_wconf 93' lang='lat' dir='ltr'><strong>se</strong></span> <span class='ocrx_word' id='word_1_90' title='bbox 762 1425 918 1497; x_wconf 75' lang='lat' dir='ltr'><strong>praesente</strong></span> <span class='ocrx_word' id='word_1_91' title='bbox 955 1423 1059 1483; x_wconf 89' lang='lat' dir='ltr'><strong>iisdem</strong></span> <span class='ocrx_word' id='word_1_92' title='bbox 1091 1409 1175 1498; x_wconf 83' lang='lat' dir='ltr'><strong>paene</strong></span> 
     </span>
     <span class='ocr_line' id='line_1_14' title="bbox 173 1510 1175 1586; baseline -0.006 -15"><span class='ocrx_word' id='word_1_93' title='bbox 173 1513 280 1586; x_wconf 84' lang='lat' dir='ltr'><strong>verbis,</strong></span> <span class='ocrx_word' id='word_1_94' title='bbox 300 1513 408 1586; x_wconf 90' lang='lat' dir='ltr'><strong>quibus</strong></span> <span class='ocrx_word' id='word_1_95' title='bbox 427 1511 507 1570; x_wconf 88' lang='lat' dir='ltr'><strong>edita</strong></span> <span class='ocrx_word' id='word_1_96' title='bbox 526 1513 581 1584; x_wconf 58' lang='lat' dir='ltr'><strong>est3</strong></span> <span class='ocrx_word' id='word_1_97' title='bbox 599 1530 666 1570; x_wconf 82' lang='lat' dir='ltr'><strong>eam</strong></span> <span class='ocrx_word' id='word_1_98' title='bbox 683 1530 739 1586; x_wconf 89' lang='lat' dir='ltr'><strong>pro</strong></span> <span class='ocrx_word' id='word_1_99' title='bbox 755 1510 892 1572; x_wconf 81' lang='lat' dir='ltr'><strong>Cornelio</strong></span> <span class='ocrx_word' id='word_1_100' title='bbox 911 1512 1052 1572; x_wconf 89' lang='lat' dir='ltr'><strong>seditioso</strong></span> <span class='ocrx_word' id='word_1_101' title='bbox 1069 1510 1175 1570; x_wconf 89' lang='lat' dir='ltr'><strong>tribuno</strong></span> 
     </span>
     <span class='ocr_line' id='line_1_15' title="bbox 172 1601 574 1676; baseline -0.005 -16"><span class='ocrx_word' id='word_1_102' title='bbox 172 1601 373 1661; x_wconf 83' lang='lat' dir='ltr'><strong>defensionem</strong></span> <span class='ocrx_word' id='word_1_103' title='bbox 396 1602 574 1676; x_wconf 87' lang='lat' dir='ltr'><strong>peroratam.</strong></span> 
     </span>
    </p>
   </div>
   <div class='ocr_carea' id='block_1_7' title="bbox 172 1699 1178 1842">
    <p class='ocr_par' dir='ltr' id='par_1_8' title="bbox 172 1699 1178 1842">
     <span class='ocr_line' id='line_1_16' title="bbox 243 1699 1178 1769; baseline -0.004 -15"><span class='ocrx_word' id='word_1_104' title='bbox 243 1701 359 1755; x_wconf 76' lang='lat' dir='ltr'><strong>Hieron.</strong></span> <span class='ocrx_word' id='word_1_105' title='bbox 387 1706 481 1755; x_wconf 66' lang='lat' dir='ltr'><strong>conto</strong></span> <span class='ocrx_word' id='word_1_106' title='bbox 514 1700 614 1754; x_wconf 76' lang='lat' dir='ltr'><strong>locon.</strong></span> <span class='ocrx_word' id='word_1_107' title='bbox 647 1699 784 1755; x_wconf 79' lang='lat' dir='ltr'><strong>Hierosol.</strong></span> <span class='ocrx_word' id='word_1_108' title='bbox 808 1703 843 1754; x_wconf 81' lang='lat'><strong>12</strong></span> <span class='ocrx_word' id='word_1_109' title='bbox 873 1702 910 1769; x_wconf 79' lang='lat'><strong>(2,</strong></span> <span class='ocrx_word' id='word_1_110' title='bbox 925 1705 980 1756; x_wconf 74' lang='lat'><strong>419</strong></span> <span class='ocrx_word' id='word_1_111' title='bbox 1000 1701 1078 1768; x_wconf 77' lang='lat' dir='ltr'><strong>Vult)</strong></span> <span class='ocrx_word' id='word_1_112' title='bbox 1118 1712 1178 1752; x_wconf 67' lang='lat' dir='ltr'><strong>eren</strong></span> 
     </span>
     <span class='ocr_line' id='line_1_17' title="bbox 172 1771 767 1842; baseline -0.005 -16"><span class='ocrx_word' id='word_1_113' title='bbox 172 1771 248 1826; x_wconf 76' lang='lat' dir='ltr'><strong>enlm</strong></span> <span class='ocrx_word' id='word_1_114' title='bbox 266 1783 381 1826; x_wconf 76' lang='lat' dir='ltr'><strong>Cornelius</strong></span> <span class='ocrx_word' id='word_1_115' title='bbox 395 1803 421 1810; x_wconf 97' lang='lat'><em>-</em></span> <span class='ocrx_word' id='word_1_116' title='bbox 435 1788 561 1833; x_wconf 72' lang='lat' dir='ltr'><strong>peroratum</strong></span> <span class='ocrx_word' id='word_1_117' title='bbox 580 1771 618 1842; x_wconf 86' lang='lat' dir='ltr'><strong>[a.</strong></span> <span class='ocrx_word' id='word_1_118' title='bbox 634 1771 767 1842; x_wconf 67' lang='lat' dir='ltr'><strong><em>689s65].</em></strong></span> 
     </span>
    </p>
   </div>
   <div class='ocr_carea' id='block_1_8' title="bbox 172 1859 1210 2406">
    <p class='ocr_par' dir='ltr' id='par_1_9' title="bbox 172 1859 1210 2406">
     <span class='ocr_line' id='line_1_18' title="bbox 504 1859 1210 2019; baseline 0 -22"><span class='ocrx_word' id='word_1_119' title='bbox 504 1941 545 1998; x_wconf 87' lang='lat'><strong>13</strong></span> <span class='ocrx_word' id='word_1_120' title='bbox 570 1933 628 2019; x_wconf 83' lang='lat'><strong>[16</strong></span> <span class='ocrx_word' id='word_1_121' title='bbox 650 1939 698 1998; x_wconf 88' lang='lat' dir='ltr'><strong>De</strong></span> <span class='ocrx_word' id='word_1_122' title='bbox 720 1941 771 1998; x_wconf 79' lang='lat' dir='ltr'><strong>iul.</strong></span> <span class='ocrx_word' id='word_1_123' title='bbox 795 1934 864 2019; x_wconf 68' lang='lat' dir='ltr'><strong>cir]</strong></span> <span class='ocrx_word' id='word_1_124' title='bbox 1209 1859 1210 1921; x_wconf 32' lang='grc'>1</span> 
     </span>
     <span class='ocr_line' id='line_1_19' title="bbox 240 2058 1173 2144; baseline -0.002 -22"><span class='ocrx_word' id='word_1_125' title='bbox 240 2065 353 2140; x_wconf 91' lang='lat' dir='ltr'><strong>primus</strong></span> <span class='ocrx_word' id='word_1_126' title='bbox 378 2058 429 2143; x_wconf 79' lang='lat' dir='ltr'><strong>[L.</strong></span> <span class='ocrx_word' id='word_1_127' title='bbox 450 2059 633 2144; x_wconf 80' lang='lat' dir='ltr'><strong>Voltacilius]</strong></span> <span class='ocrx_word' id='word_1_128' title='bbox 661 2067 795 2123; x_wconf 88' lang='lat' dir='ltr'><strong>omnium</strong></span> <span class='ocrx_word' id='word_1_129' title='bbox 818 2065 1036 2139; x_wconf 89' lang='lat' dir='ltr'><strong>libertinorum,</strong></span> <span class='ocrx_word' id='word_1_130' title='bbox 1062 2068 1094 2123; x_wconf 89' lang='lat' dir='ltr'><strong>ut</strong></span> <span class='ocrx_word' id='word_1_131' title='bbox 1115 2063 1173 2123; x_wconf 83' lang='lat' dir='ltr'><strong>llor-</strong></span> 
     </span>
     <span class='ocr_line' id='line_1_20' title="bbox 172 2150 1173 2230; baseline -0.005 -17"><span class='ocrx_word' id='word_1_132' title='bbox 172 2155 269 2213; x_wconf 91' lang='lat' dir='ltr'><strong>nelius</strong></span> <span class='ocrx_word' id='word_1_133' title='bbox 291 2153 392 2228; x_wconf 87' lang='lat' dir='ltr'><strong>Nepos</strong></span> <span class='ocrx_word' id='word_1_134' title='bbox 420 2155 575 2230; x_wconf 82' lang='lat' dir='ltr'><strong>opinatur,</strong></span> <span class='ocrx_word' id='word_1_135' title='bbox 603 2154 729 2213; x_wconf 88' lang='lat' dir='ltr'><strong>scribere</strong></span> <span class='ocrx_word' id='word_1_136' title='bbox 756 2154 914 2214; x_wconf 78' lang='lat' dir='ltr'><strong>historiam</strong></span> <span class='ocrx_word' id='word_1_137' title='bbox 938 2173 1023 2214; x_wconf 88' lang='lat' dir='ltr'><strong>orsus</strong></span> <span class='ocrx_word' id='word_1_138' title='bbox 1050 2150 1173 2214; x_wconf 89' lang='lat' dir='ltr'><strong>nonnisi</strong></span> 
     </span>
     <span class='ocr_line' id='line_1_21' title="bbox 174 2243 1103 2320; baseline 0.002 -19"><span class='ocrx_word' id='word_1_139' title='bbox 174 2243 211 2302; x_wconf 80' lang='lat' dir='ltr'><strong>ob</strong></span> <span class='ocrx_word' id='word_1_140' title='bbox 234 2244 442 2302; x_wconf 90' lang='lat' dir='ltr'><strong>honestissimo</strong></span> <span class='ocrx_word' id='word_1_141' title='bbox 467 2261 584 2318; x_wconf 89' lang='lat' dir='ltr'><strong>quoque</strong></span> <span class='ocrx_word' id='word_1_142' title='bbox 608 2243 697 2302; x_wconf 84' lang='lat' dir='ltr'><strong>scribi</strong></span> <span class='ocrx_word' id='word_1_143' title='bbox 720 2244 842 2302; x_wconf 83' lang='lat' dir='ltr'><strong>solitam</strong></span> <span class='ocrx_word' id='word_1_144' title='bbox 866 2243 904 2302; x_wconf 80' lang='lat' dir='ltr'><strong>sd</strong></span> <span class='ocrx_word' id='word_1_145' title='bbox 926 2243 959 2303; x_wconf 91' lang='lat' dir='ltr'><strong>id</strong></span> <span class='ocrx_word' id='word_1_146' title='bbox 981 2247 1103 2320; x_wconf 88' lang='lat' dir='ltr'><strong>tempus.</strong></span> 
     </span>
     <span class='ocr_line' id='line_1_22' title="bbox 244 2342 735 2406; baseline -0.002 -9"><span class='ocrx_word' id='word_1_147' title='bbox 244 2342 316 2397; x_wconf 68' lang='lat' dir='ltr'><strong>Suet.</strong></span> <span class='ocrx_word' id='word_1_148' title='bbox 337 2344 369 2396; x_wconf 79' lang='lat' dir='ltr'><strong>de</strong></span> <span class='ocrx_word' id='word_1_149' title='bbox 386 2343 452 2396; x_wconf 73' lang='lat' dir='ltr'><strong>rhet.</strong></span> <span class='ocrx_word' id='word_1_150' title='bbox 468 2345 485 2394; x_wconf 88' lang='lat'><strong><em>3</em></strong></span> <span class='ocrx_word' id='word_1_151' title='bbox 503 2357 587 2405; x_wconf 85' lang='lat' dir='ltr'><strong>prlmus</strong></span> <span class='ocrx_word' id='word_1_152' title='bbox 601 2375 628 2382; x_wconf 91' lang='lat'><em>-</em></span> <span class='ocrx_word' id='word_1_153' title='bbox 641 2360 735 2406; x_wconf 78' lang='lat' dir='ltr'><strong>tempus.</strong></span> 
     </span>
    </p>
   </div>
   <div class='ocr_carea' id='block_1_9' title="bbox 614 2514 752 2600">
    <p class='ocr_par' dir='ltr' id='par_1_10' title="bbox 614 2514 752 2600">
     <span class='ocr_line' id='line_1_23' title="bbox 614 2514 752 2600; baseline 0 -21"><span class='ocrx_word' id='word_1_154' title='bbox 614 2523 656 2579; x_wconf 76' lang='lat'><strong>14</strong></span> <span class='ocrx_word' id='word_1_155' title='bbox 680 2514 752 2600; x_wconf 80' lang='lat' dir='ltr'><strong>[re]</strong></span> 
     </span>
    </p>
   </div>
   <div class='ocr_carea' id='block_1_10' title="bbox 146 2641 1208 3080">
    <p class='ocr_par' dir='ltr' id='par_1_11' title="bbox 173 2641 1208 2990">
     <span class='ocr_line' id='line_1_24' title="bbox 241 2641 1208 2724; baseline -0.005 -19"><span class='ocrx_word' id='word_1_156' title='bbox 241 2644 394 2705; x_wconf 74' lang='lat' dir='ltr'><strong>Cornelius</strong></span> <span class='ocrx_word' id='word_1_157' title='bbox 417 2645 517 2721; x_wconf 87' lang='lat' dir='ltr'><strong>Nepos</strong></span> <span class='ocrx_word' id='word_1_158' title='bbox 544 2645 660 2720; x_wconf 90' lang='lat' dir='ltr'><strong>libello,</strong></span> <span class='ocrx_word' id='word_1_159' title='bbox 691 2665 750 2722; x_wconf 89' lang='lat' dir='ltr'><strong>quo</strong></span> <span class='ocrx_word' id='word_1_160' title='bbox 774 2645 933 2724; x_wconf 79' lang='lat' dir='ltr'><strong>distinguit</strong></span> <span class='ocrx_word' id='word_1_161' title='bbox 959 2647 1122 2706; x_wconf 88' lang='lat' dir='ltr'><strong>litteratum</strong></span> <span class='ocrx_word' id='word_1_162' title='bbox 1141 2641 1170 2700; x_wconf 87' lang='lat' dir='ltr'><strong>sb</strong></span> <span class='ocrx_word' id='word_1_163' title='bbox 1207 2665 1208 2716; x_wconf 70' lang='lat'>3</span> 
     </span>
     <span class='ocr_line' id='line_1_25' title="bbox 174 2717 1208 2812; baseline 0.003 -20"><span class='ocrx_word' id='word_1_164' title='bbox 174 2736 302 2810; x_wconf 82' lang='lat' dir='ltr'><strong>erudite,</strong></span> <span class='ocrx_word' id='word_1_165' title='bbox 335 2736 486 2794; x_wconf 82' lang='lat' dir='ltr'><strong>litteratos</strong></span> <span class='ocrx_word' id='word_1_166' title='bbox 515 2735 606 2812; x_wconf 85' lang='lat' dir='ltr'><strong>vulgo</strong></span> <span class='ocrx_word' id='word_1_167' title='bbox 637 2735 757 2810; x_wconf 90' lang='lat' dir='ltr'><strong>quidem</strong></span> <span class='ocrx_word' id='word_1_168' title='bbox 789 2735 937 2812; x_wconf 80' lang='lat' dir='ltr'><strong>appellari</strong></span> <span class='ocrx_word' id='word_1_169' title='bbox 967 2736 1011 2794; x_wconf 88' lang='lat' dir='ltr'><strong>ait</strong></span> <span class='ocrx_word' id='word_1_170' title='bbox 1042 2755 1103 2810; x_wconf 81' lang='lat' dir='ltr'><strong>eos,</strong></span> <span class='ocrx_word' id='word_1_171' title='bbox 1129 2730 1169 2807; x_wconf 77' lang='lat' dir='ltr'><strong>qul</strong></span> <span class='ocrx_word' id='word_1_172' title='bbox 1207 2717 1208 2785; x_wconf 83' lang='lat' dir='ltr'><strong>l</strong></span> 
     </span>
     <span class='ocr_line' id='line_1_26' title="bbox 173 2823 1170 2902; baseline -0.004 -19"><span class='ocrx_word' id='word_1_173' title='bbox 173 2824 290 2900; x_wconf 90' lang='lat' dir='ltr'><strong>aliquid</strong></span> <span class='ocrx_word' id='word_1_174' title='bbox 314 2823 473 2902; x_wconf 85' lang='lat' dir='ltr'><strong>diligenter</strong></span> <span class='ocrx_word' id='word_1_175' title='bbox 500 2825 530 2882; x_wconf 87' lang='lat' dir='ltr'><strong>et</strong></span> <span class='ocrx_word' id='word_1_176' title='bbox 553 2827 640 2882; x_wconf 84' lang='lat' dir='ltr'><strong>acute</strong></span> <span class='ocrx_word' id='word_1_177' title='bbox 663 2825 848 2900; x_wconf 80' lang='lat' dir='ltr'><strong>scienterque</strong></span> <span class='ocrx_word' id='word_1_178' title='bbox 877 2824 994 2901; x_wconf 83' lang='lat' dir='ltr'><strong>possint</strong></span> <span class='ocrx_word' id='word_1_179' title='bbox 1017 2828 1070 2883; x_wconf 85' lang='lat' dir='ltr'><strong>aut</strong></span> <span class='ocrx_word' id='word_1_180' title='bbox 1091 2823 1170 2882; x_wconf 83' lang='lat' dir='ltr'><strong>dicere</strong></span> 
     </span>
     <span class='ocr_line' id='line_1_27' title="bbox 173 2913 1170 2990; baseline -0.002 -18"><span class='ocrx_word' id='word_1_181' title='bbox 173 2917 227 2973; x_wconf 83' lang='lat' dir='ltr'><strong>aut</strong></span> <span class='ocrx_word' id='word_1_182' title='bbox 256 2914 392 2988; x_wconf 88' lang='lat' dir='ltr'><strong>scribere,</strong></span> <span class='ocrx_word' id='word_1_183' title='bbox 425 2916 554 2972; x_wconf 88' lang='lat' dir='ltr'><strong>ceterum</strong></span> <span class='ocrx_word' id='word_1_184' title='bbox 585 2914 705 2989; x_wconf 89' lang='lat' dir='ltr'><strong>proprie</strong></span> <span class='ocrx_word' id='word_1_185' title='bbox 734 2916 777 2972; x_wconf 89' lang='lat' dir='ltr'><strong>sic</strong></span> <span class='ocrx_word' id='word_1_186' title='bbox 806 2913 1001 2988; x_wconf 79' lang='lat' dir='ltr'><strong>appellandos</strong></span> <span class='ocrx_word' id='word_1_187' title='bbox 1033 2918 1170 2990; x_wconf 82' lang='lat' dir='ltr'><strong>poetarum</strong></span> 
     </span>
    </p>

    <p class='ocr_par' dir='ltr' id='par_1_12' title="bbox 146 3003 1051 3080">
     <span class='ocr_line' id='line_1_28' title="bbox 146 3003 1051 3080; baseline 0.006 -24"><span class='ocrx_word' id='word_1_188' title='bbox 146 3005 360 3080; x_wconf 79' lang='lat' dir='ltr'><strong>sinterpretes‚</strong></span> <span class='ocrx_word' id='word_1_189' title='bbox 383 3004 473 3079; x_wconf 88' lang='lat' dir='ltr'><strong>quia</strong></span> <span class='ocrx_word' id='word_1_190' title='bbox 497 3003 618 3062; x_wconf 86' lang='lat' dir='ltr'><strong>Graecis</strong></span> <span class='ocrx_word' id='word_1_191' title='bbox 641 3004 830 3080; x_wconf 77' lang='lat' dir='ltr'><strong>grammatici</strong></span> <span class='ocrx_word' id='word_1_192' title='bbox 851 3003 1051 3062; x_wconf 83' lang='lat' dir='ltr'><strong>nominentur.</strong></span> 
     </span>
    </p>
   </div>
   <div class='ocr_carea' id='block_1_11' title="bbox 173 3075 1207 3321">
    <p class='ocr_par' dir='ltr' id='par_1_13' title="bbox 173 3075 1207 3321">
     <span class='ocr_line' id='line_1_29' title="bbox 244 3075 1207 3180; baseline -0.006 -15"><span class='ocrx_word' id='word_1_193' title='bbox 244 3111 316 3166; x_wconf 81' lang='lat' dir='ltr'><strong>Suet.</strong></span> <span class='ocrx_word' id='word_1_194' title='bbox 336 3111 368 3164; x_wconf 85' lang='lat' dir='ltr'><strong>de</strong></span> <span class='ocrx_word' id='word_1_195' title='bbox 385 3115 532 3180; x_wconf 66' lang='lat' dir='ltr'><strong>proram</strong></span> <span class='ocrx_word' id='word_1_196' title='bbox 551 3108 705 3179; x_wconf 76' lang='lat' dir='ltr'><strong>appellatio</strong></span> <span class='ocrx_word' id='word_1_197' title='bbox 728 3109 975 3180; x_wconf 76' lang='lat' dir='ltr'><strong>grammaticorum</strong></span> <span class='ocrx_word' id='word_1_198' title='bbox 995 3109 1100 3166; x_wconf 79' lang='lat' dir='ltr'><strong>Graece</strong></span> <span class='ocrx_word' id='word_1_199' title='bbox 1119 3123 1170 3162; x_wconf 83' lang='lat' dir='ltr'><strong>con·</strong></span> <span class='ocrx_word' id='word_1_200' title='bbox 1206 3075 1207 3102; x_wconf 40' lang='lat' dir='ltr'><strong>l</strong></span> 
     </span>
     <span class='ocr_line' id='line_1_30' title="bbox 173 3180 1170 3248; baseline -0.003 -13"><span class='ocrx_word' id='word_1_201' title='bbox 173 3182 322 3237; x_wconf 88' lang='lat' dir='ltr'><strong>suetudine</strong></span> <span class='ocrx_word' id='word_1_202' title='bbox 336 3181 465 3248; x_wconf 85' lang='lat' dir='ltr'><strong>invaluit,</strong></span> <span class='ocrx_word' id='word_1_203' title='bbox 484 3181 534 3235; x_wconf 89' lang='lat' dir='ltr'><strong>sed</strong></span> <span class='ocrx_word' id='word_1_204' title='bbox 547 3181 629 3235; x_wconf 89' lang='lat' dir='ltr'><strong>initio</strong></span> <span class='ocrx_word' id='word_1_205' title='bbox 644 3181 764 3236; x_wconf 85' lang='lat' dir='ltr'><strong>litterati</strong></span> <span class='ocrx_word' id='word_1_206' title='bbox 777 3180 958 3235; x_wconf 85' lang='lat' dir='ltr'><strong>vocabantur.</strong></span> <span class='ocrx_word' id='word_1_207' title='bbox 992 3193 1170 3248; x_wconf 70' lang='lat' dir='ltr'><strong>comedesque</strong></span> 
     </span>
     <span class='ocr_line' id='line_1_31' title="bbox 173 3252 1134 3321; baseline -0.001 -15"><span class='ocrx_word' id='word_1_208' title='bbox 173 3270 228 3321; x_wconf 74' lang='lat' dir='ltr'><strong>que</strong></span> <span class='ocrx_word' id='word_1_209' title='bbox 246 3267 361 3315; x_wconf 82' lang='lat' dir='ltr'><strong>Nepos-</strong></span> <span class='ocrx_word' id='word_1_210' title='bbox 374 3267 523 3307; x_wconf 84' lang='lat' dir='ltr'><strong>nominentur.</strong></span> <span class='ocrx_word' id='word_1_211' title='bbox 556 3253 592 3318; x_wconf 73' lang='lat' dir='ltr'><strong>ds.</strong></span> <span class='ocrx_word' id='word_1_212' title='bbox 614 3253 735 3308; x_wconf 68' lang='lat' dir='ltr'><strong>Orbilius</strong></span> <span class='ocrx_word' id='word_1_213' title='bbox 753 3254 789 3319; x_wconf 80' lang='lat' dir='ltr'><strong>fr.</strong></span> <span class='ocrx_word' id='word_1_214' title='bbox 803 3257 830 3306; x_wconf 84' lang='lat'><strong>2.</strong></span> <span class='ocrx_word' id='word_1_215' title='bbox 865 3252 948 3307; x_wconf 70' lang='lat' dir='ltr'><strong>Medd.</strong></span> <span class='ocrx_word' id='word_1_216' title='bbox 970 3253 1047 3308; x_wconf 77' lang='grc' dir='ltr'><strong>0οΝ-</strong></span> <span class='ocrx_word' id='word_1_217' title='bbox 1065 3256 1099 3320; x_wconf 79' lang='lat' dir='ltr'><strong>sr.</strong></span> <span class='ocrx_word' id='word_1_218' title='bbox 1113 3257 1134 3306; x_wconf 85' lang='lat'><strong>5.</strong></span> 
     </span>
    </p>
   </div>
   <div class='ocr_carea' id='block_1_12' title="bbox 173 3375 1206 3659">
    <p class='ocr_par' dir='ltr' id='par_1_14' title="bbox 173 3375 1206 3659">
     <span class='ocr_line' id='line_1_32' title="bbox 245 3375 1206 3448; baseline -0.003 -19"><span class='ocrx_word' id='word_1_219' title='bbox 245 3378 276 3429; x_wconf 84' lang='lat' dir='ltr'><strong>in</strong></span> <span class='ocrx_word' id='word_1_220' title='bbox 291 3377 359 3430; x_wconf 85' lang='lat' dir='ltr'><strong>libro</strong></span> <span class='ocrx_word' id='word_1_221' title='bbox 371 3378 415 3430; x_wconf 86' lang='lat' dir='ltr'><strong>Dc</strong></span> <span class='ocrx_word' id='word_1_222' title='bbox 429 3375 491 3430; x_wconf 76' lang='lat' dir='ltr'><strong>coo.</strong></span> <span class='ocrx_word' id='word_1_223' title='bbox 504 3394 575 3430; x_wconf 79' lang='lat' dir='ltr'><strong>nom.</strong></span> <span class='ocrx_word' id='word_1_224' title='bbox 589 3377 684 3445; x_wconf 80' lang='lat' dir='ltr'><em>(GGK</em></span> <span class='ocrx_word' id='word_1_225' title='bbox 696 3376 722 3427; x_wconf 87' lang='lat' dir='ltr'><strong><em>V</em></strong></span> <span class='ocrx_word' id='word_1_226' title='bbox 733 3381 796 3442; x_wconf 79' lang='lat'><em>576,</em></span> <span class='ocrx_word' id='word_1_227' title='bbox 807 3380 844 3430; x_wconf 80' lang='lat'><strong>12</strong></span> <span class='ocrx_word' id='word_1_228' title='bbox 858 3376 982 3430; x_wconf 92' lang='lat' dir='ltr'><strong>culmum</strong></span> <span class='ocrx_word' id='word_1_229' title='bbox 996 3377 1104 3448; x_wconf 78' lang='lat' dir='ltr'><strong>generis</strong></span> <span class='ocrx_word' id='word_1_230' title='bbox 1116 3392 1170 3428; x_wconf 86' lang='lat' dir='ltr'><strong>neu·</strong></span> <span class='ocrx_word' id='word_1_231' title='bbox 1205 3421 1206 3438; x_wconf 15' lang='grc' dir='ltr'><strong>ς</strong></span> 
     </span>
     <span class='ocr_line' id='line_1_33' title="bbox 173 3445 1169 3517; baseline 0.006 -21"><span class='ocrx_word' id='word_1_232' title='bbox 173 3445 220 3510; x_wconf 80' lang='lat' dir='ltr'><strong>tri,</strong></span> <span class='ocrx_word' id='word_1_233' title='bbox 239 3448 271 3497; x_wconf 92' lang='lat' dir='ltr'><strong>ut</strong></span> <span class='ocrx_word' id='word_1_234' title='bbox 284 3445 379 3513; x_wconf 88' lang='lat' dir='ltr'><strong>Nepos</strong></span> <span class='ocrx_word' id='word_1_235' title='bbox 393 3445 463 3514; x_wconf 87' lang='lat' dir='ltr'><strong>vult)</strong></span> <span class='ocrx_word' id='word_1_236' title='bbox 478 3448 565 3500; x_wconf 80' lang='lat' dir='ltr'><strong>alium</strong></span> <span class='ocrx_word' id='word_1_237' title='bbox 580 3448 711 3515; x_wconf 79' lang='lat' dir='ltr'><strong>Nepotem</strong></span> <span class='ocrx_word' id='word_1_238' title='bbox 726 3447 834 3502; x_wconf 77' lang='lat' dir='ltr'><strong>Donati</strong></span> <span class='ocrx_word' id='word_1_239' title='bbox 847 3449 1028 3517; x_wconf 75' lang='lat' dir='ltr'><strong>interpretem,</strong></span> <span class='ocrx_word' id='word_1_240' title='bbox 1045 3449 1092 3517; x_wconf 74' lang='lat' dir='ltr'><strong>qui</strong></span> <span class='ocrx_word' id='word_1_241' title='bbox 1103 3455 1135 3502; x_wconf 72' lang='lat' dir='ltr'><strong>er</strong></span> <span class='ocrx_word' id='word_1_242' title='bbox 1146 3447 1169 3496; x_wconf 75' lang='lat' dir='ltr'><strong>ts</strong></span> 
     </span>
     <span class='ocr_line' id='line_1_34' title="bbox 174 3516 1169 3588; baseline 0.008 -22"><span class='ocrx_word' id='word_1_243' title='bbox 174 3521 320 3568; x_wconf 78' lang='lat' dir='ltr'><strong>commento</strong></span> <span class='ocrx_word' id='word_1_244' title='bbox 343 3516 426 3580; x_wconf 76' lang='lat' dir='ltr'><strong>Boo,</strong></span> <span class='ocrx_word' id='word_1_245' title='bbox 455 3516 528 3583; x_wconf 73' lang='lat' dir='ltr'><strong>qaod</strong></span> <span class='ocrx_word' id='word_1_246' title='bbox 550 3518 823 3586; x_wconf 77' lang='lat' dir='ltr'><strong>occessit(ud1)ou.</strong></span> <span class='ocrx_word' id='word_1_247' title='bbox 842 3535 874 3587; x_wconf 79' lang='lat' dir='ltr'><strong>p.</strong></span> <span class='ocrx_word' id='word_1_248' title='bbox 889 3522 956 3585; x_wconf 78' lang='lat'><strong><em>388,</em></strong></span> <span class='ocrx_word' id='word_1_249' title='bbox 971 3523 997 3572; x_wconf 81' lang='lat'><strong>7.</strong></span> <span class='ocrx_word' id='word_1_250' title='bbox 1021 3523 1075 3588; x_wconf 82' lang='lat'>13),</span> <span class='ocrx_word' id='word_1_251' title='bbox 1099 3519 1169 3588; x_wconf 57' lang='grc' dir='ltr'><strong>ψ’·</strong></span> 
     </span>
     <span class='ocr_line' id='line_1_35' title="bbox 175 3583 1141 3659; baseline 0.004 -23"><span class='ocrx_word' id='word_1_252' title='bbox 175 3583 286 3646; x_wconf 60' lang='grc' dir='ltr'><strong>Μίνωι</strong></span> <span class='ocrx_word' id='word_1_253' title='bbox 300 3599 353 3636; x_wconf 82' lang='lat' dir='ltr'><strong>esse</strong></span> <span class='ocrx_word' id='word_1_254' title='bbox 371 3587 510 3638; x_wconf 66' lang='lat' dir='ltr'><strong>conuertit</strong></span> <span class='ocrx_word' id='word_1_255' title='bbox 526 3587 680 3642; x_wconf 79' lang='lat' dir='ltr'><strong>Sabbcdim&#39;</strong></span> <span class='ocrx_word' id='word_1_256' title='bbox 698 3589 792 3654; x_wconf 80' lang='lat' dir='ltr'><strong>(Studs&#39;</strong></span> <span class='ocrx_word' id='word_1_257' title='bbox 804 3591 862 3642; x_wconf 82' lang='lat' dir='ltr'><strong>ital.</strong></span> <span class='ocrx_word' id='word_1_258' title='bbox 879 3595 922 3644; x_wconf 86' lang='lat'><strong>11.</strong></span> <span class='ocrx_word' id='word_1_259' title='bbox 941 3593 1015 3644; x_wconf 84' lang='lat'><strong><em>1903</em></strong></span> <span class='ocrx_word' id='word_1_260' title='bbox 1030 3609 1060 3659; x_wconf 82' lang='lat' dir='ltr'><strong>p.</strong></span> <span class='ocrx_word' id='word_1_261' title='bbox 1076 3593 1141 3654; x_wconf 79' lang='lat'><em>171).</em></span> 
     </span>
    </p>
   </div>
   <div class='ocr_carea' id='block_1_13' title="bbox 0 0 1227 3902">
    <p class='ocr_par' dir='ltr' id='par_1_15' title="bbox 0 0 1227 3902">
     <span class='ocr_line' id='line_1_36' title="bbox 0 0 1227 3902; baseline 0 0"><span class='ocrx_word' id='word_1_262' title='bbox 0 0 1227 3902; x_wconf 95' lang='lat' dir='ltr'><strong> </strong></span> 
     </span>
    </p>
   </div>
  </div>
 </body>
</html>
