2480 3904
109 195 177 258 504
276 193 484 247 Grammatioae
503 191 606 246 aetatis
624 192 786 261 Augusteae
805 191 964 261 fragmenta

107 358 172 424 imp.
193 355 271 408 Rom.
291 359 317 420 3,
332 356 403 424 364).
435 354 488 407 lae
506 353 538 406 de
557 354 739 407 controuersia
757 354 890 419 53531553
903 351 1062 421 Nipperdey
1080 369 1126 420 op.

102 444 132 496 p.
148 430 206 481 289
213 443 251 494 sq.
286 427 383 491 Mara,
402 425 490 479 Wieu.
510 424 587 478 Stud.
604 428 639 478 19
657 425 748 493 (1897)
763 442 794 493 p.
809 428 870 477 151.

178 519 203 568 3.
223 515 372 569 Messallae
392 517 464 570 51335
486 515 653 568 ourrieuluu
671 514 720 568 hoe
737 519 788 567 est:
816 531 842 567 a.
863 511 1127 583 709745-710144

107 587 223 640 Athenis
239 586 393 640 studiorum
409 603 494 640 eausa
518 585 583 652 (Oia.
599 586 636 638 ael
650 585 706 638 Att.
723 588 767 648 12,
778 588 822 650 32,
832 587 858 636 2.
879 587 922 649 15,
932 587 977 649 17,
986 586 1016 652 2)
1036 601 1125 638 moro-

106 665 158 724 lus,
178 676 203 712 a.
220 657 329 729 712742
341 664 454 727 pupual
467 657 505 710 ad
519 657 666 724 Philippos
683 657 767 724 (Plut.
783 657 865 710 Brut.
880 657 935 724 42),
954 656 1020 709 iude
1034 657 1128 724 primo

105 731 144 784 ad
166 732 320 783 Autouium
345 730 447 783 trarssit
474 729 608 796 (Appiau.
633 729 656 780 l.
675 745 696 782 5.
716 731 817 793 5,113.
856 728 920 781 Vell.
944 727 1009 780 Pat.
1029 731 1056 792 2,
1073 729 1128 791 71),

105 817 169 855 more
196 801 234 854 ad
264 800 444 855 Octauianum
474 800 561 867 (Pliu.
582 817 610 852 u.
627 799 653 852 lt.
673 803 717 864 33,
732 803 776 852 50.
814 799 938 867 Appiau.
959 799 982 852 b.
1000 815 1023 852 5.
1042 803 1069 863 4,
1084 802 1127 852 38.

107 873 181 926 Plul.
202 874 284 926 Brut.
300 875 355 940 53),
374 871 528 942 a.718736
546 887 637 940 aupur
657 871 743 940 (Cass.
763 871 954 937 11354316),
974 887 1001 922 5.
1018 870 1127 939 720)’34

107 943 233 999 Salassos
255 944 349 997 domat
374 945 508 1012 (Appiae.
528 942 612 1010 Illpr.
628 945 671 994 17.
709 943 767 996 Dio
786 945 830 1006 49,
845 945 890 994 38.
927 941 962 1006 ef.
986 941 1088 994 Tituli.
1102 944 1128 1005 4,

105 1020 132 1081 1,
141 1018 215 1082 107),
231 1033 256 1068 a.
269 1014 367 1085 723731
379 1020 490 1084 puyual
499 1013 537 1068 ael
546 1015 657 1067 Aetium
672 1014 807 1081 (Appiae.
819 1013 841 1065 b.
853 1030 874 1066 e.
888 1016 913 1078 4,
924 1014 980 1080 38),
995 1029 1022 1064 α.
1038 1013 1129 1066 55355

107 1089 202 1141 consul
220 1088 296 1153 (Tae.
317 1103 381 1139 auu.
399 1090 442 1151 13,
452 1089 495 1139 34.
525 1084 609 1138 Fasti
623 1086 706 1138 Arsit.
724 1083 770 1139 01
772 1083 800 1137 L
813 1085 832 1136 1
837 1082 848 1114 ¹
862 1101 892 1151 p.
904 1087 959 1150 61),
978 1100 1004 1137 a.
1022 1085 1129 1147 727727

106 1160 151 1226 (of.
170 1158 286 1224 Sahaue,
310 1157 389 1212 13033.
410 1159 495 1226 Littp.
515 1155 616 1224 2²,19)
640 1157 797 1224 Aquitauoe
819 1156 906 1209 oiueit
928 1161 953 1208 et
975 1155 1131 1222 triumphat

106 1230 218 1297 (Titull.
239 1235 264 1294 1,
284 1233 310 1295 7,
331 1232 355 1281 7.
390 1229 463 1283 CIL
478 1229 500 1281 I
509 1245 539 1296 p.
560 1230 633 1296 461),
652 1227 717 1280 iude
733 1225 832 1296 Syriae
842 1242 954 1294 praeses
972 1227 1089 1294 (litate.
1105 1230 1131 1290 1,

106 1304 167 1366 3,1.
187 1305 266 1366 7,13.
296 1301 353 1354 Dio
368 1303 412 1365 51,
424 1302 460 1368 7),
478 1300 632 1366 praefectus
645 1299 799 1366 urtiffleo.
815 1315 881 1351 auu.
897 1301 981 1364 6,11.
1009 1297 1131 1350 Hieron.

17 1373 23 1385 ’
107 1373 145 1425 ael
163 1390 189 1425 a.
208 1373 276 1427 Atr.
296 1373 388 1439 1991),
407 1389 433 1424 a.
450 1370 556 1441 743711
571 1372 682 1438 primus
700 1375 811 1423 carator
829 1385 966 1436 aquarum
984 1369 1130 1435 (Frorttiu.

105 1444 138 1497 ele
157 1461 199 1512 aq.
219 1448 263 1496 99.
283 1446 357 1511 102),
382 1460 408 1496 5.
429 1442 522 1514 75272
544 1442 630 1507 defert
652 1443 780 1512 Aupusto
804 1441 1013 1509 appellationem
1039 1439 1133 1508 ‘puter

101 1515 228 1583 patriae’
256 1514 337 1583 (Suet.
358 1515 430 1582 Auo.
447 1515 504 1581 58),
531 1514 589 1567 iam
612 1513 759 1566 admodum
781 1528 863 1566 aenea
882 1512 1013 1565 matuta
1031 1518 1134 1580 eaptus

106 1593 145 1641 est
163 1586 248 1655 (Pliu.
268 1604 295 1639 u.
310 1588 335 1639 li.
357 1589 382 1651 7,
397 1590 441 1639 90.
479 1585 565 1639 Sallu.
586 1585 697 1652 1,110).

178 1679 202 1728 4.
223 1676 357 1728 Messalla
382 1675 479 1727 auleis
501 1689 568 1727 usus
591 1680 645 1726 est:
673 1674 765 1727 Bruta
789 1679 814 1726 et
840 1672 934 1726 Cassio
960 1671 1041 1739 (Vell.
1063 1671 1132 1725 Pat.

105 1750 132 1812 2,
149 1750 191 1799 71.
236 1747 310 1799 Plut.
336 1747 418 1798 Brut.
438 1749 481 1798 40.
528 1745 592 1797 Τ55.
617 1761 683 1797 auu.
703 1748 729 1810 4,
743 1745 802 1812 34),
834 1744 942 1797 Tibullo
969 1743 1082 1812 (lituu.
1105 1747 1134 1808 1,

106 1823 131 1883 5,
146 1822 180 1872 31
201 1819 257 1886 53.),
283 1817 380 1871 Ouidio
406 1818 451 1885 (ef.
471 1822 527 1870 3553.
542 1819 580 1882 2),
605 1815 726 1870 Horatio
753 1815 834 1884 (Hor.
858 1831 941 1868 earu.
961 1819 987 1880 3,
1000 1817 1046 1878 21,
1063 1817 1081 1866 7
1106 1821 1135 1868 et

106 1890 242 1957 Porphyr.
262 1887 300 1941 ael
317 1889 343 1940 le.
364 1889 401 1956 3.),
426 1889 527 1941 Aslulo
546 1888 671 1940 Pollioue
694 1886 765 1954 (Seu.
785 1903 858 1940 suas.
874 1891 899 1952 6,
913 1887 971 1952 27),
994 1885 1132 1950 Auianio,

110 1961 260 2014 Octaviano
288 1961 401 2028 (3533)
427 1960 550 2026 aliisque.
589 1959 621 2011 cle
647 1965 722 2012 coetu
746 1959 894 2012 Messallae
919 1960 954 2023 ef.
979 1957 1132 2022 Baehrens,

109 2033 209 2085 Tibull.
227 2033 315 2084 Blae.
331 2047 361 2098 p.
377 2034 420 2084 46.
441 2033 484 2083 50.

178 2124 203 2173 5.
225 2120 278 2174 Ota
299 2119 337 2172 ad
355 2120 437 2172 Brut.
452 2122 468 2170 1
474 2159 483 2183 ,
502 2121 537 2170 15
542 2121 580 2183 ,1
606 2133 672 2171 eave
694 2118 776 2186 putes
800 2117 944 2184 probitate
968 2117 1133 2170 constantia

108 2188 605 2258 533353311535135315333311111
625 2188 796 2259 [Messallae]
817 2205 876 2240 esse
896 2188 996 2241 simile.
1033 2189 1132 2258 Quint.

108 2268 151 2326 12,
167 2267 209 2328 11,
223 2266 260 2316 28
283 2278 319 2313 an
342 2259 432 2314 Pollio
457 2263 485 2313 et
508 2259 642 2313 Messalla
667 2277 819 2328 -parum
842 2260 871 2312 in
894 2259 954 2313 vita
977 2259 1132 2330 dignitatis

107 2333 286 2387 habuerunt?
324 2334 357 2399 ef.
383 2333 464 2386 Astu.
491 2332 582 2385 Pollio
608 2338 663 2386 teet.
685 2335 711 2384 8.
749 2331 814 2384 Vell.
840 2333 902 2385 Pat.
927 2336 955 2398 2,
971 2335 1012 2384 71.
1052 2331 1132 2385 Plut.

108 2408 191 2460 Brut.
207 2410 249 2459 53.
287 2405 411 2472 Appiau.
432 2405 454 2456 l.
471 2420 492 2457 5.
512 2408 537 2468 4,
552 2406 597 2457 38.
618 2407 719 2468 5,113.
756 2404 819 2456 Tac.
839 2419 905 2456 auu.
925 2408 951 2468 4,
966 2407 1008 2457 34,

181 2499 206 2547 6.
225 2494 287 2549 Seu.
303 2500 419 2547 coutroo.
435 2496 462 2558 2,
477 2496 503 2558 4,
518 2495 536 2545 8
555 2490 611 2544 fuit
629 2493 724 2544 autem
742 2490 875 2544 Messalla
894 2491 1067 2545 exactissimi
1085 2491 1132 2544 in-

108 2565 185 2636 genii
209 2564 323 2632 quidem
346 2563 375 2616 in
399 2562 475 2616 omni
500 2562 657 2616 studiorum
680 2564 774 2630 parte,
799 2562 892 2634 (sod)
911 2562 1007 2616 Latini
1028 2563 1131 2630 utique

109 2636 243 2690 sermonis
258 2635 419 2689 observator
434 2633 676 2702 diligentissimus.
710 2636 744 2701 of.
764 2635 834 2690 Hor.
853 2639 905 2688 sat.
921 2639 946 2701 1,
961 2638 1006 2700 10,
1018 2637 1065 2688 29.
1083 2638 1131 2688 85.

113 2710 175 2762 Tae.
195 2709 227 2762 de
246 2715 313 2762 orat.
330 2711 373 2761 12.
412 2705 553 2760 aestualia
576 2706 729 2774 sapientiae
754 2707 788 2772 ef.
809 2705 878 2760 Hor.
899 2721 982 2759 coru.
1002 2710 1027 2771 3,
1042 2709 1088 2772 21,
1104 2710 1130 2758 9.

110 2839 340 2895 SCRIPTORUM

181 2943 205 2992 7.
228 2938 321 3008 Quiut.
341 2943 386 3004 10,
401 2941 460 3004 5,2
487 2940 620 2991 vertere
640 2935 768 2990 Graeca
791 2936 825 2988 in
844 2936 1003 2989 Latinum
1022 2939 1132 2990 veteres

106 3010 198 3064 nostri
220 3012 343 3063 53335355
364 3008 501 3076 optimum
524 3008 691 3062 iudicabant
713 3039 757 3061 -.
794 3007 824 3060 id
843 3007 993 3062 Messallae
1012 3007 1132 3076 placuit,

110 3081 270 3149 multaeque
290 3082 355 3134 sunt
374 3080 410 3133 ab
429 3096 462 3134 eo
482 3078 603 3148 55313335
622 3080 658 3132 ad
673 3080 747 3134 hune
761 3078 876 3132 modum
890 3079 1040 3144 orationes,
1060 3080 1131 3133 adeo

107 3156 142 3206 ut
161 3152 246 3206 etiam
270 3170 333 3206 eum
356 3150 406 3205 illa
429 3151 581 3219 Hyperidis
602 3167 653 3219 pro
671 3151 783 3220 Phryne
807 3149 977 3204 difficillima
995 3150 1132 3204 Romanis

108 3224 269 3278 subtilitate
288 3222 478 3277 contenderat.

181 3317 207 3366 8.
233 3315 309 3382 Very.
329 3313 408 3366 catal.
429 3315 506 3377 9,13
533 3312 580 3380 [orl
600 3312 772 3382 Messallam]
791 3312 1001 3380 3335333313
1019 3313 1132 3365 nostras

110 3385 245 3434 venerunt
270 3381 422 3434 earmina
449 3381 570 3448 chartas,
588 3383 601 3450 s
617 3383 743 3435 earmina
769 3399 832 3435 eum
859 3381 959 3453 lingna
983 3385 1045 3435 tum
1072 3382 1131 3436 5315

112 3451 253 3518 Cecropio,
270 3453 283 3522 f
300 3453 425 3504 carmina
444 3468 516 3518 quae
530 3452 643 3520 Pylium
662 3453 762 3507 5355115
782 3456 898 3522 3555333
916 3453 1028 3520 futuris,
1044 3457 1133 3524 sear-

110 3520 188 3571 mina
203 3535 274 3585 quae
287 3519 398 3588 Pylium
411 3521 522 3575 vincere
537 3523 624 3592 digna
639 3541 740 3578 senem.
768 3526 876 3579 Latiua
885 3527 1013 3580 earmiua
1023 3527 1133 3581 ludicro

110 3589 278 3655 sipulfieaoit
296 3591 370 3644 Pliu.
393 3593 467 3659 epist.
488 3597 514 3658 5,
529 3598 554 3658 3,
570 3599 593 3646 5.
