<?xml version="1.0" encoding="UTF-8"?>
<!DOCTYPE html PUBLIC "-//W3C//DTD XHTML 1.0 Transitional//EN"
    "http://www.w3.org/TR/xhtml1/DTD/xhtml1-transitional.dtd">
<html xmlns="http://www.w3.org/1999/xhtml" xml:lang="en" lang="en">
 <head>
  <title>
</title>
<meta http-equiv="Content-Type" content="text/html;charset=utf-8" />
  <meta name='ocr-system' content='tesseract 3.04.00' />
  <meta name='ocr-capabilities' content='ocr_page ocr_carea ocr_par ocr_line ocrx_word'/>
</head>
<body>
  <div class='ocr_page' id='page_1' title='image "./grammaticaeroma00funagoog_0545.png"; bbox 0 0 2480 3904; ppageno 0'>
   <div class='ocr_carea' id='block_1_1' title="bbox 323 211 1076 275">
    <p class='ocr_par' dir='ltr' id='par_1_1' title="bbox 323 211 1076 275">
     <span class='ocr_line' id='line_1_1' title="bbox 323 211 1076 275; baseline 0.007 -12"><span class='ocrx_word' id='word_1_1' title='bbox 323 211 360 263; x_wconf 91' lang='lat' dir='ltr'><strong>M.</strong></span> <span class='ocrx_word' id='word_1_2' title='bbox 379 211 507 265; x_wconf 84' lang='lat' dir='ltr'><strong>Valerius</strong></span> <span class='ocrx_word' id='word_1_3' title='bbox 526 211 658 264; x_wconf 75' lang='lat' dir='ltr'><strong>Messalla</strong></span> <span class='ocrx_word' id='word_1_4' title='bbox 677 211 809 264; x_wconf 88' lang='lat' dir='ltr'><strong>Corvinus</strong></span> <span class='ocrx_word' id='word_1_5' title='bbox 1011 211 1076 275; x_wconf 78' lang='lat'><strong>505</strong></span> 
     </span>
    </p>
   </div>
   <div class='ocr_carea' id='block_1_2' title="bbox 59 370 1076 735">
    <p class='ocr_par' dir='ltr' id='par_1_2' title="bbox 59 370 1075 584">
     <span class='ocr_line' id='line_1_2' title="bbox 128 370 1075 440; baseline 0.001 -16"><span class='ocrx_word' id='word_1_6' title='bbox 128 377 152 425; x_wconf 88' lang='lat'><strong>9.</strong></span> <span class='ocrx_word' id='word_1_7' title='bbox 175 371 229 426; x_wconf 84' lang='lat' dir='ltr'><strong>Oie.</strong></span> <span class='ocrx_word' id='word_1_8' title='bbox 245 372 283 426; x_wconf 77' lang='lat' dir='ltr'><strong>ael</strong></span> <span class='ocrx_word' id='word_1_9' title='bbox 297 372 504 438; x_wconf 82' lang='lat' dir='ltr'><strong>Brut.1,15,1</strong></span> <span class='ocrx_word' id='word_1_10' title='bbox 523 370 685 424; x_wconf 78' lang='lat' dir='ltr'><strong>Messallam</strong></span> <span class='ocrx_word' id='word_1_11' title='bbox 699 371 794 425; x_wconf 90' lang='lat' dir='ltr'><strong>habes.</strong></span> <span class='ocrx_word' id='word_1_12' title='bbox 811 404 844 410; x_wconf 98' lang='lat'><em>-</em></span> <span class='ocrx_word' id='word_1_13' title='bbox 860 371 1075 440; x_wconf 69' lang='lat' dir='ltr'><strong>eloquentia,</strong></span> 
     </span>
     <span class='ocr_line' id='line_1_3' title="bbox 59 443 1075 515; baseline 0.001 -20"><span class='ocrx_word' id='word_1_14' title='bbox 59 459 112 508; x_wconf 87' lang='lat' dir='ltr'><strong>qua</strong></span> <span class='ocrx_word' id='word_1_15' title='bbox 131 443 301 496; x_wconf 86' lang='lat' dir='ltr'><strong>mirabiliter</strong></span> <span class='ocrx_word' id='word_1_16' title='bbox 320 443 432 497; x_wconf 85' lang='lat' dir='ltr'><strong>excellit</strong></span> <span class='ocrx_word' id='word_1_17' title='bbox 468 445 575 511; x_wconf 77' lang='lat' dir='ltr'><strong>reliqua</strong></span> <span class='ocrx_word' id='word_1_18' title='bbox 598 445 753 497; x_wconf 82' lang='lat' dir='ltr'><strong>testimonia</strong></span> <span class='ocrx_word' id='word_1_19' title='bbox 771 461 832 498; x_wconf 87' lang='lat' dir='ltr'><strong>eum</strong></span> <span class='ocrx_word' id='word_1_20' title='bbox 849 445 1012 515; x_wconf 61' lang='lat' dir='ltr'><strong>fracmentis</strong></span> <span class='ocrx_word' id='word_1_21' title='bbox 1030 461 1075 512; x_wconf 81' lang='lat' dir='ltr'><strong>ap.</strong></span> 
     </span>
     <span class='ocr_line' id='line_1_4' title="bbox 59 514 454 584; baseline 0 -16"><span class='ocrx_word' id='word_1_22' title='bbox 59 515 162 584; x_wconf 78' lang='lat' dir='ltr'><strong>Meyer,</strong></span> <span class='ocrx_word' id='word_1_23' title='bbox 185 514 292 569; x_wconf 73' lang='lat' dir='ltr'><em>ORF’</em></span> <span class='ocrx_word' id='word_1_24' title='bbox 305 533 336 583; x_wconf 76' lang='lat' dir='ltr'><strong>p.</strong></span> <span class='ocrx_word' id='word_1_25' title='bbox 352 519 408 568; x_wconf 88' lang='lat'><strong>507</strong></span> <span class='ocrx_word' id='word_1_26' title='bbox 416 532 454 583; x_wconf 77' lang='lat' dir='ltr'><strong>sq.</strong></span> 
     </span>
    </p>

    <p class='ocr_par' dir='ltr' id='par_1_3' title="bbox 59 596 1076 735">
     <span class='ocr_line' id='line_1_5' title="bbox 128 596 1076 665; baseline 0.002 -17"><span class='ocrx_word' id='word_1_27' title='bbox 128 600 172 649; x_wconf 86' lang='lat'><strong>10.</strong></span> <span class='ocrx_word' id='word_1_28' title='bbox 193 597 446 649; x_wconf 75' lang='lat' dir='ltr'><strong>commentariorum</strong></span> <span class='ocrx_word' id='word_1_29' title='bbox 469 596 501 650; x_wconf 83' lang='lat' dir='ltr'><strong>de</strong></span> <span class='ocrx_word' id='word_1_30' title='bbox 524 597 591 649; x_wconf 88' lang='lat' dir='ltr'><strong>bello</strong></span> <span class='ocrx_word' id='word_1_31' title='bbox 615 597 692 649; x_wconf 87' lang='lat' dir='ltr'><strong>ciuili</strong></span> <span class='ocrx_word' id='word_1_32' title='bbox 712 596 869 665; x_wconf 66' lang='lat' dir='ltr'><strong>fraumenta</strong></span> <span class='ocrx_word' id='word_1_33' title='bbox 892 596 969 664; x_wconf 80' lang='lat' dir='ltr'><strong>apud</strong></span> <span class='ocrx_word' id='word_1_34' title='bbox 987 599 1076 662; x_wconf 84' lang='lat' dir='ltr'><strong>Peter,</strong></span> 
     </span>
     <span class='ocr_line' id='line_1_6' title="bbox 59 666 648 735; baseline 0.005 -16"><span class='ocrx_word' id='word_1_35' title='bbox 59 666 173 722; x_wconf 70' lang='lat' dir='ltr'><strong>HRR*</strong></span> <span class='ocrx_word' id='word_1_36' title='bbox 186 684 217 735; x_wconf 77' lang='lat' dir='ltr'><strong>p.</strong></span> <span class='ocrx_word' id='word_1_37' title='bbox 233 671 269 721; x_wconf 87' lang='lat'><strong>65</strong></span> <span class='ocrx_word' id='word_1_38' title='bbox 277 684 315 735; x_wconf 80' lang='lat' dir='ltr'><strong>sq.</strong></span> <span class='ocrx_word' id='word_1_39' title='bbox 335 667 370 732; x_wconf 78' lang='lat' dir='ltr'><strong>cf.</strong></span> <span class='ocrx_word' id='word_1_40' title='bbox 385 685 415 735; x_wconf 80' lang='lat' dir='ltr'><strong>p.</strong></span> <span class='ocrx_word' id='word_1_41' title='bbox 431 667 605 721; x_wconf 82' lang='lat' dir='ltr'><strong><em>LXXVIII</em></strong></span> <span class='ocrx_word' id='word_1_42' title='bbox 609 683 648 735; x_wconf 79' lang='lat' dir='ltr'><strong>sq.</strong></span> 
     </span>
    </p>
   </div>
   <div class='ocr_carea' id='block_1_3' title="bbox 58 789 269 845">
    <p class='ocr_par' dir='ltr' id='par_1_4' title="bbox 58 789 269 845">
     <span class='ocr_line' id='line_1_7' title="bbox 58 789 269 845; baseline 0.009 -3"><span class='ocrx_word' id='word_1_43' title='bbox 58 789 269 845; x_wconf 76' lang='lat' dir='ltr'><strong>DOCTRINAE}</strong></span> 
     </span>
    </p>
   </div>
   <div class='ocr_carea' id='block_1_4' title="bbox 58 878 1075 1019">
    <p class='ocr_par' dir='ltr' id='par_1_5' title="bbox 58 878 1075 1019">
     <span class='ocr_line' id='line_1_8' title="bbox 58 878 1075 1019; baseline 0 -86"><span class='ocrx_word' id='word_1_44' title='bbox 58 953 84 1004; x_wconf 76' lang='lat' dir='ltr'><strong><em>P</em></strong></span> <span class='ocrx_word' id='word_1_45' title='bbox 100 880 286 1019; x_wconf 43' lang='grc' dir='ltr'><strong>η11ἷ313ἒ133.</strong></span> <span class='ocrx_word' id='word_1_46' title='bbox 307 885 332 948; x_wconf 85' lang='lat'><strong>1,</strong></span> <span class='ocrx_word' id='word_1_47' title='bbox 348 885 373 947; x_wconf 83' lang='lat'><strong>6,</strong></span> <span class='ocrx_word' id='word_1_48' title='bbox 388 885 425 935; x_wconf 99' lang='grc'><strong>42</strong></span> <span class='ocrx_word' id='word_1_49' title='bbox 454 879 580 950; x_wconf 85' lang='lat' dir='ltr'><strong>gladiola</strong></span> <span class='ocrx_word' id='word_1_50' title='bbox 604 912 636 920; x_wconf 89' lang='lat'><em>-</em></span> <span class='ocrx_word' id='word_1_51' title='bbox 660 878 794 934; x_wconf 84' lang='lat' dir='ltr'><strong>Messalla</strong></span> <span class='ocrx_word' id='word_1_52' title='bbox 817 878 897 933; x_wconf 83' lang='lat' dir='ltr'><strong>dixit.</strong></span> <span class='ocrx_word' id='word_1_53' title='bbox 936 884 970 947; x_wconf 83' lang='lat' dir='ltr'><strong>ef.</strong></span> <span class='ocrx_word' id='word_1_54' title='bbox 995 883 1075 935; x_wconf 86' lang='lat' dir='ltr'><strong>Asin.</strong></span> 
     </span>
     <span class='ocr_line' id='line_1_9' title="bbox 83 968 246 1006; baseline 0.012 -2"><span class='ocrx_word' id='word_1_55' title='bbox 83 968 98 1004; x_wconf 93' lang='lat' dir='ltr'><strong>o</strong></span> <span class='ocrx_word' id='word_1_56' title='bbox 121 969 150 1006; x_wconf 84' lang='grc'><strong>33</strong></span> <span class='ocrx_word' id='word_1_57' title='bbox 181 970 204 1005; x_wconf 75' lang='lat' dir='ltr'><strong>a.</strong></span> <span class='ocrx_word' id='word_1_58' title='bbox 240 996 246 1006; x_wconf 92' lang='lat'><strong>.</strong></span> 
     </span>
    </p>
   </div>
   <div class='ocr_carea' id='block_1_5' title="bbox 70 1031 950 1104">
    <p class='ocr_par' dir='ltr' id='par_1_6' title="bbox 70 1031 950 1104">
     <span class='ocr_line' id='line_1_10' title="bbox 70 1031 950 1104; baseline -0.001 -18"><span class='ocrx_word' id='word_1_59' title='bbox 70 1065 74 1073; x_wconf 92' lang='lat'>·</span> <span class='ocrx_word' id='word_1_60' title='bbox 128 1037 173 1087; x_wconf 87' lang='grc'><strong>12.</strong></span> <span class='ocrx_word' id='word_1_61' title='bbox 195 1031 286 1102; x_wconf 74' lang='lat' dir='ltr'><strong>Quint.</strong></span> <span class='ocrx_word' id='word_1_62' title='bbox 303 1037 330 1099; x_wconf 98' lang='grc'><strong><em>8,</em></strong></span> <span class='ocrx_word' id='word_1_63' title='bbox 345 1037 371 1098; x_wconf 85' lang='grc'><strong>3,</strong></span> <span class='ocrx_word' id='word_1_64' title='bbox 386 1037 421 1087; x_wconf 85' lang='grc'><strong>34</strong></span> <span class='ocrx_word' id='word_1_65' title='bbox 439 1031 572 1085; x_wconf 88' lang='lat' dir='ltr'><strong>Messalla</strong></span> <span class='ocrx_word' id='word_1_66' title='bbox 590 1032 697 1100; x_wconf 90' lang='lat' dir='ltr'><strong>primus</strong></span> <span class='ocrx_word' id='word_1_67' title='bbox 715 1035 826 1086; x_wconf 88' lang='lat' dir='ltr'><strong>reatum</strong></span> <span class='ocrx_word' id='word_1_68' title='bbox 845 1032 950 1104; x_wconf 70' lang='grc'><strong><em>[31133131.</em></strong></span> 
     </span>
    </p>
   </div>
   <div class='ocr_carea' id='block_1_6' title="bbox 58 1112 1077 1468">
    <p class='ocr_par' dir='ltr' id='par_1_7' title="bbox 58 1112 1077 1468">
     <span class='ocr_line' id='line_1_11' title="bbox 129 1112 1076 1181; baseline 0.001 -15"><span class='ocrx_word' id='word_1_69' title='bbox 129 1118 172 1167; x_wconf 90' lang='grc'><strong>13.</strong></span> <span class='ocrx_word' id='word_1_70' title='bbox 193 1112 253 1167; x_wconf 82' lang='lat' dir='ltr'><strong>Sen.</strong></span> <span class='ocrx_word' id='word_1_71' title='bbox 273 1129 346 1168; x_wconf 90' lang='lat' dir='ltr'><strong>snas.</strong></span> <span class='ocrx_word' id='word_1_72' title='bbox 361 1117 440 1179; x_wconf 83' lang='lat'><strong>2,17</strong></span> <span class='ocrx_word' id='word_1_73' title='bbox 458 1129 612 1181; x_wconf 83' lang='lat' dir='ltr'><strong>cognomen</strong></span> <span class='ocrx_word' id='word_1_74' title='bbox 630 1113 684 1180; x_wconf 86' lang='lat' dir='ltr'><strong>vel,</strong></span> <span class='ocrx_word' id='word_1_75' title='bbox 702 1115 735 1166; x_wconf 93' lang='lat' dir='ltr'><strong>ut</strong></span> <span class='ocrx_word' id='word_1_76' title='bbox 753 1112 886 1166; x_wconf 88' lang='lat' dir='ltr'><strong>Messalla</strong></span> <span class='ocrx_word' id='word_1_77' title='bbox 905 1113 955 1179; x_wconf 89' lang='lat' dir='ltr'><strong>ait,</strong></span> <span class='ocrx_word' id='word_1_78' title='bbox 975 1130 1076 1180; x_wconf 88' lang='lat' dir='ltr'><strong>cogno-</strong></span> 
     </span>
     <span class='ocr_line' id='line_1_12' title="bbox 59 1187 1077 1326; baseline -0.001 -17"><span class='ocrx_word' id='word_1_79' title='bbox 59 1187 183 1309; x_wconf 47' lang='lat' dir='ltr'><strong>mentlldl]</strong></span> <span class='ocrx_word' id='word_1_80' title='bbox 192 1256 327 1326; x_wconf 71' lang='lat' dir='ltr'><strong>Porphyr.</strong></span> <span class='ocrx_word' id='word_1_81' title='bbox 353 1255 423 1310; x_wconf 82' lang='lat' dir='ltr'><strong>Hor.</strong></span> <span class='ocrx_word' id='word_1_82' title='bbox 449 1273 526 1310; x_wconf 88' lang='lat' dir='ltr'><strong>serm.</strong></span> <span class='ocrx_word' id='word_1_83' title='bbox 562 1260 588 1322; x_wconf 89' lang='lat'><strong>1,</strong></span> <span class='ocrx_word' id='word_1_84' title='bbox 606 1261 651 1322; x_wconf 88' lang='lat'><strong>10,</strong></span> <span class='ocrx_word' id='word_1_85' title='bbox 670 1260 709 1310; x_wconf 92' lang='grc'><strong>28</strong></span> <span class='ocrx_word' id='word_1_86' title='bbox 742 1255 845 1308; x_wconf 89' lang='lat' dir='ltr'><strong>Pedius</strong></span> <span class='ocrx_word' id='word_1_87' title='bbox 873 1253 1020 1308; x_wconf 80' lang='lat' dir='ltr'><strong>Publicola</strong></span> <span class='ocrx_word' id='word_1_88' title='bbox 1049 1257 1077 1308; x_wconf 89' lang='lat' dir='ltr'><strong>et</strong></span> 
     </span>
     <span class='ocr_line' id='line_1_13' title="bbox 58 1325 1077 1380; baseline 0.002 -2"><span class='ocrx_word' id='word_1_89' title='bbox 58 1326 190 1380; x_wconf 89' lang='lat' dir='ltr'><strong>Messalla</strong></span> <span class='ocrx_word' id='word_1_90' title='bbox 209 1327 278 1380; x_wconf 89' lang='lat' dir='ltr'><strong>adeo</strong></span> <span class='ocrx_word' id='word_1_91' title='bbox 293 1342 405 1380; x_wconf 81' lang='lat' dir='ltr'><strong>curasse</strong></span> <span class='ocrx_word' id='word_1_92' title='bbox 425 1327 557 1380; x_wconf 89' lang='lat' dir='ltr'><strong>dicuntur</strong></span> <span class='ocrx_word' id='word_1_93' title='bbox 570 1344 605 1379; x_wconf 91' lang='lat' dir='ltr'><strong>ne</strong></span> <span class='ocrx_word' id='word_1_94' title='bbox 620 1325 728 1380; x_wconf 80' lang='lat' dir='ltr'><strong>Graeca</strong></span> <span class='ocrx_word' id='word_1_95' title='bbox 743 1326 851 1380; x_wconf 92' lang='lat' dir='ltr'><strong>Latinis</strong></span> <span class='ocrx_word' id='word_1_96' title='bbox 869 1327 960 1380; x_wconf 86' lang='lat' dir='ltr'><strong>verbis</strong></span> <span class='ocrx_word' id='word_1_97' title='bbox 979 1326 1077 1380; x_wconf 86' lang='lat' dir='ltr'><strong>inmis-</strong></span> 
     </span>
     <span class='ocr_line' id='line_1_14' title="bbox 59 1397 1076 1468; baseline 0.002 -18"><span class='ocrx_word' id='word_1_98' title='bbox 59 1401 160 1465; x_wconf 87' lang='lat' dir='ltr'><strong>cerent,</strong></span> <span class='ocrx_word' id='word_1_99' title='bbox 180 1399 212 1450; x_wconf 90' lang='lat' dir='ltr'><strong>ut</strong></span> <span class='ocrx_word' id='word_1_100' title='bbox 226 1398 358 1451; x_wconf 87' lang='lat' dir='ltr'><strong>Messalla</strong></span> <span class='ocrx_word' id='word_1_101' title='bbox 372 1398 478 1466; x_wconf 85' lang='lat' dir='ltr'><strong>primus</strong></span> <span class='ocrx_word' id='word_1_102' title='bbox 496 1397 692 1451; x_wconf 88' lang='lat' dir='ltr'><strong>funambulum</strong></span> <span class='ocrx_word' id='word_1_103' title='bbox 706 1398 817 1464; x_wconf 75' lang='lat' dir='ltr'><strong>dixerit,</strong></span> <span class='ocrx_word' id='word_1_104' title='bbox 837 1413 872 1451; x_wconf 90' lang='lat' dir='ltr'><strong>ne</strong></span> <span class='ocrx_word' id='word_1_105' title='bbox 891 1397 1076 1468; x_wconf 77' lang='grc' dir='ltr'><strong><em>σχοινοβάτην</em></strong></span> 
     </span>
    </p>
   </div>
   <div class='ocr_carea' id='block_1_7' title="bbox 59 1469 605 1539">
    <p class='ocr_par' dir='ltr' id='par_1_8' title="bbox 59 1469 605 1539">
     <span class='ocr_line' id='line_1_15' title="bbox 59 1469 605 1539; baseline 0 -17"><span class='ocrx_word' id='word_1_106' title='bbox 59 1469 171 1524; x_wconf 84' lang='lat' dir='ltr'><strong>diceret.</strong></span> <span class='ocrx_word' id='word_1_107' title='bbox 191 1471 226 1536; x_wconf 78' lang='lat' dir='ltr'><strong>cf.</strong></span> <span class='ocrx_word' id='word_1_108' title='bbox 246 1470 332 1525; x_wconf 82' lang='lat' dir='ltr'><strong>Soloi.</strong></span> <span class='ocrx_word' id='word_1_109' title='bbox 354 1470 434 1539; x_wconf 80' lang='lat' dir='ltr'><strong>Crnq.</strong></span> <span class='ocrx_word' id='word_1_110' title='bbox 454 1471 524 1524; x_wconf 83' lang='lat' dir='ltr'><strong>Hor.</strong></span> <span class='ocrx_word' id='word_1_111' title='bbox 539 1470 605 1524; x_wconf 77' lang='lat' dir='ltr'><strong>abiel.</strong></span> 
     </span>
    </p>
   </div>
   <div class='ocr_carea' id='block_1_8' title="bbox 59 1549 1079 1906">
    <p class='ocr_par' dir='ltr' id='par_1_9' title="bbox 59 1549 1079 1906">
     <span class='ocr_line' id='line_1_16' title="bbox 129 1549 1077 1618; baseline -0.002 -14"><span class='ocrx_word' id='word_1_112' title='bbox 129 1554 172 1604; x_wconf 85' lang='grc'><strong>15.</strong></span> <span class='ocrx_word' id='word_1_113' title='bbox 192 1550 253 1605; x_wconf 83' lang='lat' dir='ltr'><strong>Sen.</strong></span> <span class='ocrx_word' id='word_1_114' title='bbox 273 1567 345 1604; x_wconf 88' lang='lat' dir='ltr'><strong>suas.</strong></span> <span class='ocrx_word' id='word_1_115' title='bbox 360 1554 388 1616; x_wconf 86' lang='grc'><strong><em>2,</em></strong></span> <span class='ocrx_word' id='word_1_116' title='bbox 402 1554 440 1604; x_wconf 88' lang='grc'><strong>20</strong></span> <span class='ocrx_word' id='word_1_117' title='bbox 467 1550 617 1618; x_wconf 79' lang='lat' dir='ltr'><strong>‘quidquid</strong></span> <span class='ocrx_word' id='word_1_118' title='bbox 643 1549 679 1602; x_wconf 86' lang='lat' dir='ltr'><strong>ad</strong></span> <span class='ocrx_word' id='word_1_119' title='bbox 707 1550 839 1604; x_wconf 87' lang='lat' dir='ltr'><strong>adversae</strong></span> <span class='ocrx_word' id='word_1_120' title='bbox 866 1552 1005 1604; x_wconf 88' lang='lat' dir='ltr'><strong>cessatum</strong></span> <span class='ocrx_word' id='word_1_121' title='bbox 1033 1551 1077 1604; x_wconf 89' lang='lat' dir='ltr'><strong>est</strong></span> 
     </span>
     <span class='ocr_line' id='line_1_17' title="bbox 59 1619 1079 1692; baseline 0.001 -19"><span class='ocrx_word' id='word_1_122' title='bbox 59 1622 169 1675; x_wconf 90' lang='lat' dir='ltr'><strong>moenia</strong></span> <span class='ocrx_word' id='word_1_123' title='bbox 187 1621 300 1688; x_wconf 81' lang='lat' dir='ltr'><strong>Troiae,</strong></span> <span class='ocrx_word' id='word_1_124' title='bbox 317 1622 330 1684; x_wconf 75' lang='lat' dir='ltr'><strong>l</strong></span> <span class='ocrx_word' id='word_1_125' title='bbox 345 1619 474 1675; x_wconf 80' lang='lat' dir='ltr'><strong>Hectoris</strong></span> <span class='ocrx_word' id='word_1_126' title='bbox 497 1621 664 1688; x_wconf 87' lang='lat' dir='ltr'><strong>Aeneaeque</strong></span> <span class='ocrx_word' id='word_1_127' title='bbox 687 1637 773 1674; x_wconf 89' lang='lat' dir='ltr'><strong>manu</strong></span> <span class='ocrx_word' id='word_1_128' title='bbox 796 1620 915 1675; x_wconf 87' lang='lat' dir='ltr'><strong>victoria</strong></span> <span class='ocrx_word' id='word_1_129' title='bbox 934 1621 1079 1692; x_wconf 63' lang='lat' dir='ltr'><strong>Graium]</strong></span> 
     </span>
     <span class='ocr_line' id='line_1_18' title="bbox 59 1691 1078 1775; baseline 0.002 -31"><span class='ocrx_word' id='word_1_130' title='bbox 59 1692 160 1746; x_wconf 85' lang='lat' dir='ltr'><strong>baesit’</strong></span> <span class='ocrx_word' id='word_1_131' title='bbox 181 1692 276 1763; x_wconf 68' lang='lat' dir='ltr'><strong>[Vera.</strong></span> <span class='ocrx_word' id='word_1_132' title='bbox 293 1695 363 1748; x_wconf 87' lang='lat' dir='ltr'><strong>Aen.</strong></span> <span class='ocrx_word' id='word_1_133' title='bbox 379 1698 422 1759; x_wconf 85' lang='lat'><strong>11,</strong></span> <span class='ocrx_word' id='word_1_134' title='bbox 435 1693 558 1775; x_wconf 74' lang='lat' dir='ltr'><strong>28Ssq.].</strong></span> <span class='ocrx_word' id='word_1_135' title='bbox 591 1691 726 1746; x_wconf 88' lang='lat' dir='ltr'><strong>Messalla</strong></span> <span class='ocrx_word' id='word_1_136' title='bbox 745 1693 840 1746; x_wconf 90' lang='lat' dir='ltr'><strong>aiebat</strong></span> <span class='ocrx_word' id='word_1_137' title='bbox 857 1692 905 1746; x_wconf 89' lang='lat' dir='ltr'><strong>hic</strong></span> <span class='ocrx_word' id='word_1_138' title='bbox 919 1692 1078 1762; x_wconf 86' lang='lat' dir='ltr'><strong>Vergilium</strong></span> 
     </span>
     <span class='ocr_line' id='line_1_19' title="bbox 61 1763 1077 1834; baseline 0.003 -19"><span class='ocrx_word' id='word_1_139' title='bbox 61 1763 189 1818; x_wconf 88' lang='lat' dir='ltr'><strong>debuisse</strong></span> <span class='ocrx_word' id='word_1_140' title='bbox 208 1763 348 1819; x_wconf 83' lang='lat' dir='ltr'><strong>desinere:</strong></span> <span class='ocrx_word' id='word_1_141' title='bbox 373 1765 448 1831; x_wconf 86' lang='lat' dir='ltr'><strong>quod</strong></span> <span class='ocrx_word' id='word_1_142' title='bbox 468 1767 594 1831; x_wconf 85' lang='lat' dir='ltr'><strong>seqmtur</strong></span> <span class='ocrx_word' id='word_1_143' title='bbox 614 1765 654 1818; x_wconf 76' lang='lat' dir='ltr'><strong>‘et</strong></span> <span class='ocrx_word' id='word_1_144' title='bbox 672 1764 701 1816; x_wconf 87' lang='lat' dir='ltr'><strong>in</strong></span> <span class='ocrx_word' id='word_1_145' title='bbox 721 1765 862 1818; x_wconf 89' lang='lat' dir='ltr'><strong>decimum</strong></span> <span class='ocrx_word' id='word_1_146' title='bbox 881 1764 1002 1834; x_wconf 82' lang='lat' dir='ltr'><strong>vestigia</strong></span> <span class='ocrx_word' id='word_1_147' title='bbox 1021 1767 1077 1818; x_wconf 90' lang='lat' dir='ltr'><strong>ret-</strong></span> 
     </span>
     <span class='ocr_line' id='line_1_20' title="bbox 59 1835 1076 1906; baseline 0.004 -19"><span class='ocrx_word' id='word_1_148' title='bbox 59 1835 125 1888; x_wconf 88' lang='lat' dir='ltr'><strong>tulit</strong></span> <span class='ocrx_word' id='word_1_149' title='bbox 143 1836 259 1888; x_wconf 88' lang='lat' dir='ltr'><strong>annum&#39;</strong></span> <span class='ocrx_word' id='word_1_150' title='bbox 280 1835 487 1904; x_wconf 84' lang='lat' dir='ltr'><strong>explementum</strong></span> <span class='ocrx_word' id='word_1_151' title='bbox 507 1852 574 1890; x_wconf 90' lang='lat' dir='ltr'><strong>esse.</strong></span> <span class='ocrx_word' id='word_1_152' title='bbox 612 1838 646 1903; x_wconf 79' lang='lat' dir='ltr'><strong>ef.</strong></span> <span class='ocrx_word' id='word_1_153' title='bbox 666 1836 916 1906; x_wconf 58' lang='lat' dir='ltr'><strong>neocaesaraea.</strong></span> <span class='ocrx_word' id='word_1_154' title='bbox 938 1837 976 1890; x_wconf 85' lang='lat' dir='ltr'><strong>ad</strong></span> <span class='ocrx_word' id='word_1_155' title='bbox 1000 1838 1076 1906; x_wconf 68' lang='lat' dir='ltr'><strong>Vero.</strong></span> 
     </span>
    </p>
   </div>
   <div class='ocr_carea' id='block_1_9' title="bbox 59 1987 1077 2127">
    <p class='ocr_par' dir='ltr' id='par_1_10' title="bbox 59 1987 1077 2127">
     <span class='ocr_line' id='line_1_21' title="bbox 130 1987 1077 2056; baseline 0.001 -15"><span class='ocrx_word' id='word_1_156' title='bbox 130 1991 173 2041; x_wconf 89' lang='grc'><strong>16.</strong></span> <span class='ocrx_word' id='word_1_157' title='bbox 194 1987 226 2040; x_wconf 86' lang='lat' dir='ltr'><strong>de</strong></span> <span class='ocrx_word' id='word_1_158' title='bbox 242 1989 317 2041; x_wconf 89' lang='lat' dir='ltr'><strong>Mar.</strong></span> <span class='ocrx_word' id='word_1_159' title='bbox 336 1988 404 2041; x_wconf 82' lang='lat' dir='ltr'><strong>Vict.</strong></span> <span class='ocrx_word' id='word_1_160' title='bbox 415 2004 445 2055; x_wconf 77' lang='lat' dir='ltr'><strong>p.</strong></span> <span class='ocrx_word' id='word_1_161' title='bbox 462 1991 488 2054; x_wconf 88' lang='lat'><strong>9,</strong></span> <span class='ocrx_word' id='word_1_162' title='bbox 503 1991 520 2041; x_wconf 88' lang='lat'><strong><em>5</em></strong></span> <span class='ocrx_word' id='word_1_163' title='bbox 541 1988 575 2053; x_wconf 77' lang='lat' dir='ltr'><strong>cf.</strong></span> <span class='ocrx_word' id='word_1_164' title='bbox 592 1989 675 2042; x_wconf 80' lang='lat' dir='ltr'><strong>Mass.</strong></span> <span class='ocrx_word' id='word_1_165' title='bbox 691 1989 786 2055; x_wconf 68' lang='lat' dir='ltr'><strong>Rufus</strong></span> <span class='ocrx_word' id='word_1_166' title='bbox 800 2006 829 2056; x_wconf 78' lang='lat' dir='ltr'><strong>p.</strong></span> <span class='ocrx_word' id='word_1_167' title='bbox 845 1991 908 2041; x_wconf 83' lang='grc'><strong><em>427.</em></strong></span> <span class='ocrx_word' id='word_1_168' title='bbox 943 1989 1077 2043; x_wconf 79' lang='lat' dir='ltr'><strong>Messalla</strong></span> 
     </span>
     <span class='ocr_line' id='line_1_22' title="bbox 59 2059 852 2127; baseline -0.001 -14"><span class='ocrx_word' id='word_1_169' title='bbox 59 2059 194 2113; x_wconf 76' lang='lat' dir='ltr'><strong>sincrum</strong></span> <span class='ocrx_word' id='word_1_170' title='bbox 213 2060 382 2113; x_wconf 81' lang='lat' dir='ltr'><strong>existimator</strong></span> <span class='ocrx_word' id='word_1_171' title='bbox 401 2077 446 2127; x_wconf 77' lang='lat' dir='ltr'><strong>ap.</strong></span> <span class='ocrx_word' id='word_1_172' title='bbox 465 2059 527 2114; x_wconf 83' lang='lat' dir='ltr'><strong>Seu.</strong></span> <span class='ocrx_word' id='word_1_173' title='bbox 548 2065 665 2114; x_wconf 82' lang='lat' dir='ltr'><strong>controv.</strong></span> <span class='ocrx_word' id='word_1_174' title='bbox 679 2062 707 2125; x_wconf 85' lang='lat'><strong>2,</strong></span> <span class='ocrx_word' id='word_1_175' title='bbox 721 2065 747 2126; x_wconf 89' lang='grc'><strong><em>4,</em></strong></span> <span class='ocrx_word' id='word_1_176' title='bbox 762 2064 788 2113; x_wconf 90' lang='grc'><strong>8.</strong></span> <span class='ocrx_word' id='word_1_177' title='bbox 809 2065 852 2113; x_wconf 88' lang='grc'><strong>10.</strong></span> 
     </span>
    </p>
   </div>
   <div class='ocr_carea' id='block_1_10' title="bbox 401 2274 737 2340">
    <p class='ocr_par' dir='ltr' id='par_1_11' title="bbox 401 2274 737 2340">
     <span class='ocr_line' id='line_1_23' title="bbox 401 2274 737 2340; baseline 0 -2"><span class='ocrx_word' id='word_1_178' title='bbox 401 2275 438 2338; x_wconf 90' lang='grc' dir='ltr'><strong>Β.</strong></span> <span class='ocrx_word' id='word_1_179' title='bbox 462 2274 737 2340; x_wconf 81' lang='lat' dir='ltr'><strong>FRAGMENTA</strong></span> 
     </span>
    </p>
   </div>
   <div class='ocr_carea' id='block_1_11' title="bbox 58 2414 1078 3054">
    <p class='ocr_par' dir='ltr' id='par_1_12' title="bbox 58 2414 1078 3054">
     <span class='ocr_line' id='line_1_24' title="bbox 131 2414 1078 2486; baseline 0.004 -18"><span class='ocrx_word' id='word_1_180' title='bbox 131 2414 203 2482; x_wconf 81' lang='lat' dir='ltr'><strong>quael</strong></span> <span class='ocrx_word' id='word_1_181' title='bbox 221 2414 357 2470; x_wconf 78' lang='lat' dir='ltr'><strong>RScboell</strong></span> <span class='ocrx_word' id='word_1_182' title='bbox 374 2414 434 2485; x_wconf 72' lang='lat' dir='ltr'><strong>(leq.</strong></span> <span class='ocrx_word' id='word_1_183' title='bbox 450 2417 517 2469; x_wconf 91' lang='lat' dir='ltr'><strong>XII</strong></span> <span class='ocrx_word' id='word_1_184' title='bbox 529 2417 582 2470; x_wconf 81' lang='lat' dir='ltr'><strong>tab.</strong></span> <span class='ocrx_word' id='word_1_185' title='bbox 596 2432 624 2483; x_wconf 81' lang='lat' dir='ltr'><strong>p.</strong></span> <span class='ocrx_word' id='word_1_186' title='bbox 640 2421 677 2470; x_wconf 88' lang='lat'><strong>36</strong></span> <span class='ocrx_word' id='word_1_187' title='bbox 691 2417 756 2469; x_wconf 84' lang='lat' dir='ltr'><strong>adn.</strong></span> <span class='ocrx_word' id='word_1_188' title='bbox 770 2418 800 2485; x_wconf 86' lang='grc'><strong>2)</strong></span> <span class='ocrx_word' id='word_1_189' title='bbox 818 2415 957 2472; x_wconf 73' lang='lat' dir='ltr'><strong>contendit</strong></span> <span class='ocrx_word' id='word_1_190' title='bbox 974 2419 1078 2486; x_wconf 68' lang='grc'><strong><em>3331333</em></strong></span> 
     </span>
     <span class='ocr_line' id='line_1_25' title="bbox 61 2486 1078 2557; baseline 0.006 -20"><span class='ocrx_word' id='word_1_191' title='bbox 61 2486 241 2553; x_wconf 72' lang='grc'><strong><em>9333333133</em></strong></span> <span class='ocrx_word' id='word_1_192' title='bbox 256 2486 403 2540; x_wconf 84' lang='grc' dir='ltr'><strong><em>Μ33331133</em></strong></span> <span class='ocrx_word' id='word_1_193' title='bbox 419 2487 535 2542; x_wconf 79' lang='lat' dir='ltr'><strong>Coruino</strong></span> <span class='ocrx_word' id='word_1_194' title='bbox 551 2505 569 2540; x_wconf 89' lang='lat' dir='ltr'><strong>a</strong></span> <span class='ocrx_word' id='word_1_195' title='bbox 586 2488 760 2556; x_wconf 73' lang='lat' dir='ltr'><strong>Quintiliano</strong></span> <span class='ocrx_word' id='word_1_196' title='bbox 770 2487 920 2557; x_wconf 74' lang='lat' dir='ltr'><strong>adsiynata</strong></span> <span class='ocrx_word' id='word_1_197' title='bbox 930 2489 1078 2543; x_wconf 79' lang='lat' dir='ltr'><strong>Messallae</strong></span> 
     </span>
     <span class='ocr_line' id='line_1_26' title="bbox 63 2557 1077 2628; baseline 0.004 -19"><span class='ocrx_word' id='word_1_198' title='bbox 63 2557 176 2626; x_wconf 63' lang='lat' dir='ltr'><strong>anemis</strong></span> <span class='ocrx_word' id='word_1_199' title='bbox 190 2573 252 2624; x_wconf 84' lang='lat' dir='ltr'><strong>esse,</strong></span> <span class='ocrx_word' id='word_1_200' title='bbox 266 2558 335 2610; x_wconf 77' lang='lat' dir='ltr'><strong>utili</strong></span> <span class='ocrx_word' id='word_1_201' title='bbox 347 2574 404 2611; x_wconf 90' lang='lat' dir='ltr'><strong>non</strong></span> <span class='ocrx_word' id='word_1_202' title='bbox 413 2561 569 2626; x_wconf 71' lang='grc'><strong><em>3333333313,</em></strong></span> <span class='ocrx_word' id='word_1_203' title='bbox 583 2559 714 2626; x_wconf 79' lang='lat' dir='ltr'><strong>quomodo</strong></span> <span class='ocrx_word' id='word_1_204' title='bbox 728 2561 800 2612; x_wconf 88' lang='lat' dir='ltr'><strong>enim</strong></span> <span class='ocrx_word' id='word_1_205' title='bbox 812 2559 1004 2628; x_wconf 74' lang='lat' dir='ltr'><strong>Quintilianus</strong></span> <span class='ocrx_word' id='word_1_206' title='bbox 1013 2561 1077 2614; x_wconf 84' lang='lat' dir='ltr'><strong>dili-</strong></span> 
     </span>
     <span class='ocr_line' id='line_1_27' title="bbox 62 2628 1077 2699; baseline 0.002 -17"><span class='ocrx_word' id='word_1_207' title='bbox 62 2628 234 2696; x_wconf 75' lang='lat' dir='ltr'><strong>yentissimus</strong></span> <span class='ocrx_word' id='word_1_208' title='bbox 256 2630 372 2697; x_wconf 71' lang='grc'><strong><em>33313333</em></strong></span> <span class='ocrx_word' id='word_1_209' title='bbox 395 2631 561 2684; x_wconf 84' lang='lat' dir='ltr'><strong>clarissimos</strong></span> <span class='ocrx_word' id='word_1_210' title='bbox 584 2631 646 2685; x_wconf 90' lang='lat' dir='ltr'><strong>illos</strong></span> <span class='ocrx_word' id='word_1_211' title='bbox 663 2632 737 2685; x_wconf 77' lang='lat' dir='ltr'><strong>ainos</strong></span> <span class='ocrx_word' id='word_1_212' title='bbox 751 2632 941 2699; x_wconf 69' lang='lat' dir='ltr'><strong>pammcuerit</strong></span> <span class='ocrx_word' id='word_1_213' title='bbox 958 2648 1015 2685; x_wconf 93' lang='lat' dir='ltr'><strong>non</strong></span> <span class='ocrx_word' id='word_1_214' title='bbox 1034 2632 1077 2686; x_wconf 85' lang='lat' dir='ltr'><strong>in-</strong></span> 
     </span>
     <span class='ocr_line' id='line_1_28' title="bbox 62 2699 1078 2769; baseline 0.006 -19"><span class='ocrx_word' id='word_1_215' title='bbox 62 2700 161 2768; x_wconf 71' lang='grc'><strong><em>3311393,</em></strong></span> <span class='ocrx_word' id='word_1_216' title='bbox 179 2716 213 2754; x_wconf 78' lang='lat' dir='ltr'><strong>ne</strong></span> <span class='ocrx_word' id='word_1_217' title='bbox 232 2699 321 2754; x_wconf 83' lang='lat' dir='ltr'><strong>dicam</strong></span> <span class='ocrx_word' id='word_1_218' title='bbox 340 2700 417 2769; x_wconf 78' lang='lat' dir='ltr'><strong>apud</strong></span> <span class='ocrx_word' id='word_1_219' title='bbox 435 2701 596 2756; x_wconf 77' lang='lat' dir='ltr'><strong>Suetonium</strong></span> <span class='ocrx_word' id='word_1_220' title='bbox 614 2701 732 2756; x_wconf 82' lang='lat' dir='ltr'><strong>eiusdem</strong></span> <span class='ocrx_word' id='word_1_221' title='bbox 751 2705 823 2756; x_wconf 86' lang='lat' dir='ltr'><strong>cocis</strong></span> <span class='ocrx_word' id='word_1_222' title='bbox 842 2708 922 2769; x_wconf 81' lang='lat' dir='ltr'><strong>alque</strong></span> <span class='ocrx_word' id='word_1_223' title='bbox 943 2703 1078 2757; x_wconf 78' lang='lat' dir='ltr'><strong>Orbilium</strong></span> 
     </span>
     <span class='ocr_line' id='line_1_29' title="bbox 59 2772 1076 2843; baseline 0.006 -21"><span class='ocrx_word' id='word_1_224' title='bbox 59 2772 267 2839; x_wconf 73' lang='lat' dir='ltr'><strong>yrammatieum</strong></span> <span class='ocrx_word' id='word_1_225' title='bbox 289 2778 315 2826; x_wconf 88' lang='grc'><strong>33</strong></span> <span class='ocrx_word' id='word_1_226' title='bbox 332 2772 463 2840; x_wconf 76' lang='lat' dir='ltr'><strong>Nepotem</strong></span> <span class='ocrx_word' id='word_1_227' title='bbox 487 2778 623 2827; x_wconf 76' lang='lat' dir='ltr'><strong>auctorent</strong></span> <span class='ocrx_word' id='word_1_228' title='bbox 645 2774 677 2826; x_wconf 89' lang='lat' dir='ltr'><strong>in</strong></span> <span class='ocrx_word' id='word_1_229' title='bbox 695 2775 813 2841; x_wconf 78' lang='lat' dir='ltr'><strong>epistula</strong></span> <span class='ocrx_word' id='word_1_230' title='bbox 834 2774 981 2828; x_wconf 75' lang='lat' dir='ltr'><strong>Coruinum</strong></span> <span class='ocrx_word' id='word_1_231' title='bbox 1003 2791 1076 2843; x_wconf 76' lang='lat' dir='ltr'><strong>repe·</strong></span> 
     </span>
     <span class='ocr_line' id='line_1_30' title="bbox 59 2843 1078 2914; baseline 0.004 -20"><span class='ocrx_word' id='word_1_232' title='bbox 59 2843 119 2894; x_wconf 75' lang='lat' dir='ltr'><strong>uiri.</strong></span> <span class='ocrx_word' id='word_1_233' title='bbox 149 2848 174 2895; x_wconf 85' lang='lat' dir='ltr'><strong>et</strong></span> <span class='ocrx_word' id='word_1_234' title='bbox 188 2849 267 2897; x_wconf 80' lang='lat' dir='ltr'><strong>aunt</strong></span> <span class='ocrx_word' id='word_1_235' title='bbox 279 2844 394 2909; x_wconf 80' lang='lat' dir='ltr'><strong>fortasse</strong></span> <span class='ocrx_word' id='word_1_236' title='bbox 407 2844 554 2898; x_wconf 88' lang='lat' dir='ltr'><strong>Messallae</strong></span> <span class='ocrx_word' id='word_1_237' title='bbox 569 2845 653 2898; x_wconf 85' lang='lat' dir='ltr'><strong>libelli</strong></span> <span class='ocrx_word' id='word_1_238' title='bbox 665 2846 839 2914; x_wconf 75' lang='lat' dir='ltr'><strong>qrammatici</strong></span> <span class='ocrx_word' id='word_1_239' title='bbox 852 2846 883 2897; x_wconf 89' lang='lat' dir='ltr'><strong>in</strong></span> <span class='ocrx_word' id='word_1_240' title='bbox 897 2845 1078 2913; x_wconf 76' lang='lat' dir='ltr'><strong>epistularum</strong></span> 
     </span>
     <span class='ocr_line' id='line_1_31' title="bbox 58 2913 1078 3054; baseline 0.004 -88"><span class='ocrx_word' id='word_1_241' title='bbox 58 2913 176 3052; x_wconf 62' lang='lat' dir='ltr'><strong>(deme</strong></span> <span class='ocrx_word' id='word_1_242' title='bbox 201 2913 307 3054; x_wconf 50' lang='lat' dir='ltr'><strong>redageti</strong></span> <span class='ocrx_word' id='word_1_243' title='bbox 326 2916 435 2983; x_wconf 78' lang='lat' dir='ltr'><strong>pariter</strong></span> <span class='ocrx_word' id='word_1_244' title='bbox 458 2933 490 2970; x_wconf 91' lang='lat' dir='ltr'><strong>ac</strong></span> <span class='ocrx_word' id='word_1_245' title='bbox 513 2915 648 2970; x_wconf 81' lang='lat' dir='ltr'><strong>Varronis</strong></span> <span class='ocrx_word' id='word_1_246' title='bbox 670 2916 767 2971; x_wconf 80' lang='lat' dir='ltr'><strong>Sinnii</strong></span> <span class='ocrx_word' id='word_1_247' title='bbox 790 2917 883 2986; x_wconf 75' lang='lat' dir='ltr'><strong>Valqii</strong></span> <span class='ocrx_word' id='word_1_248' title='bbox 907 2917 1078 2986; x_wconf 75' lang='lat' dir='ltr'><strong>aliormnque</strong></span> 
     </span>
     <span class='ocr_line' id='line_1_32' title="bbox 69 2989 278 3054; baseline 0.005 -16"><span class='ocrx_word' id='word_1_249' title='bbox 69 3002 85 3038; x_wconf 88' lang='lat' dir='ltr'><strong>c</strong></span> <span class='ocrx_word' id='word_1_250' title='bbox 107 3027 111 3037; x_wconf 96' lang='grc'><em>.</em></span> <span class='ocrx_word' id='word_1_251' title='bbox 132 2991 188 3039; x_wconf 85' lang='lat' dir='ltr'><strong>test.</strong></span> <span class='ocrx_word' id='word_1_252' title='bbox 208 2989 278 3054; x_wconf 76' lang='lat' dir='ltr'><strong>seq&#39;..</strong></span> 
     </span>
    </p>
   </div>
   <div class='ocr_carea' id='block_1_12' title="bbox 434 3093 702 3148">
    <p class='ocr_par' dir='ltr' id='par_1_13' title="bbox 434 3093 702 3148">
     <span class='ocr_line' id='line_1_33' title="bbox 434 3093 702 3148; baseline -0.004 -1"><span class='ocrx_word' id='word_1_253' title='bbox 434 3094 482 3147; x_wconf 85' lang='lat' dir='ltr'><strong>DE</strong></span> <span class='ocrx_word' id='word_1_254' title='bbox 508 3094 525 3148; x_wconf 83' lang='lat' dir='ltr'>S</span> <span class='ocrx_word' id='word_1_255' title='bbox 544 3093 702 3148; x_wconf 80' lang='lat' dir='ltr'><strong>LITTERA</strong></span> 
     </span>
    </p>
   </div>
   <div class='ocr_carea' id='block_1_13' title="bbox 56 3198 1078 3340">
    <p class='ocr_par' dir='ltr' id='par_1_14' title="bbox 56 3198 1078 3340">
     <span class='ocr_line' id='line_1_34' title="bbox 134 3198 1078 3270; baseline 0.001 -17"><span class='ocrx_word' id='word_1_256' title='bbox 134 3198 226 3269; x_wconf 76' lang='lat' dir='ltr'><strong>Quint.</strong></span> <span class='ocrx_word' id='word_1_257' title='bbox 242 3204 268 3265; x_wconf 85' lang='lat'><strong>1,</strong></span> <span class='ocrx_word' id='word_1_258' title='bbox 283 3202 308 3266; x_wconf 79' lang='lat'><strong>7,</strong></span> <span class='ocrx_word' id='word_1_259' title='bbox 323 3204 359 3254; x_wconf 85' lang='lat'><strong>35</strong></span> <span class='ocrx_word' id='word_1_260' title='bbox 377 3200 441 3254; x_wconf 91' lang='lat' dir='ltr'><strong>ideo</strong></span> <span class='ocrx_word' id='word_1_261' title='bbox 461 3200 553 3254; x_wconf 87' lang='lat' dir='ltr'><strong>minus</strong></span> <span class='ocrx_word' id='word_1_262' title='bbox 567 3201 700 3255; x_wconf 86' lang='lat' dir='ltr'><strong>Messalla</strong></span> <span class='ocrx_word' id='word_1_263' title='bbox 719 3201 835 3268; x_wconf 84' lang='lat' dir='ltr'><strong>nitidus,</strong></span> <span class='ocrx_word' id='word_1_264' title='bbox 854 3202 921 3269; x_wconf 91' lang='lat' dir='ltr'><strong>quia</strong></span> <span class='ocrx_word' id='word_1_265' title='bbox 940 3203 1078 3270; x_wconf 87' lang='lat' dir='ltr'><strong>quosdam</strong></span> 
     </span>
     <span class='ocr_line' id='line_1_35' title="bbox 56 3269 972 3340; baseline 0.004 -17"><span class='ocrx_word' id='word_1_266' title='bbox 56 3270 134 3324; x_wconf 87' lang='lat' dir='ltr'><strong>totos</strong></span> <span class='ocrx_word' id='word_1_267' title='bbox 153 3269 266 3324; x_wconf 87' lang='lat' dir='ltr'><strong>libellos</strong></span> <span class='ocrx_word' id='word_1_268' title='bbox 284 3288 341 3326; x_wconf 93' lang='lat' dir='ltr'><strong>non</strong></span> <span class='ocrx_word' id='word_1_269' title='bbox 359 3271 451 3325; x_wconf 88' lang='lat' dir='ltr'><strong>verbis</strong></span> <span class='ocrx_word' id='word_1_270' title='bbox 465 3273 559 3340; x_wconf 82' lang='lat' dir='ltr'><strong>modo,</strong></span> <span class='ocrx_word' id='word_1_271' title='bbox 579 3273 732 3326; x_wconf 87' lang='lat' dir='ltr'><strong>sedetiam</strong></span> <span class='ocrx_word' id='word_1_272' title='bbox 751 3273 855 3326; x_wconf 86' lang='lat' dir='ltr'><strong>litteris</strong></span> <span class='ocrx_word' id='word_1_273' title='bbox 875 3273 972 3329; x_wconf 70' lang='lat' dir='ltr'><strong>dedita</strong></span> 
     </span>
    </p>
   </div>
   <div class='ocr_carea' id='block_1_14' title="bbox 558 3420 576 3474">
    <p class='ocr_par' dir='ltr' id='par_1_15' title="bbox 558 3420 576 3474">
     <span class='ocr_line' id='line_1_36' title="bbox 558 3420 576 3474; baseline 0 0"><span class='ocrx_word' id='word_1_274' title='bbox 558 3420 576 3474; x_wconf 86' lang='lat'><strong><em>1</em></strong></span> 
     </span>
    </p>
   </div>
   <div class='ocr_carea' id='block_1_15' title="bbox 54 3517 1078 3690">
    <p class='ocr_par' dir='ltr' id='par_1_16' title="bbox 54 3517 1078 3690">
     <span class='ocr_line' id='line_1_37' title="bbox 127 3517 1078 3594; baseline 0.005 -17"><span class='ocrx_word' id='word_1_275' title='bbox 127 3517 225 3594; x_wconf 84' lang='lat' dir='ltr'><strong>quid?</strong></span> <span class='ocrx_word' id='word_1_276' title='bbox 266 3539 326 3579; x_wconf 94' lang='lat' dir='ltr'><strong>non</strong></span> <span class='ocrx_word' id='word_1_277' title='bbox 355 3520 428 3580; x_wconf 86' lang='lat' dir='ltr'><strong>(lato</strong></span> <span class='ocrx_word' id='word_1_278' title='bbox 454 3520 609 3581; x_wconf 80' lang='lat' dir='ltr'><strong>Censorius</strong></span> <span class='ocrx_word' id='word_1_279' title='bbox 637 3522 735 3581; x_wconf 92' lang='lat' dir='ltr'><strong>dicam</strong></span> <span class='ocrx_word' id='word_1_280' title='bbox 763 3525 792 3581; x_wconf 89' lang='grc'><strong>33</strong></span> <span class='ocrx_word' id='word_1_281' title='bbox 819 3522 928 3582; x_wconf 88' lang='lat' dir='ltr'><strong>faciam</strong></span> <span class='ocrx_word' id='word_1_282' title='bbox 955 3523 1019 3582; x_wconf 89' lang='lat' dir='ltr'><strong>dice</strong></span> <span class='ocrx_word' id='word_1_283' title='bbox 1048 3526 1078 3582; x_wconf 91' lang='lat' dir='ltr'><strong>et</strong></span> 
     </span>
     <span class='ocr_line' id='line_1_38' title="bbox 54 3602 1078 3690; baseline 0.005 -23"><span class='ocrx_word' id='word_1_284' title='bbox 54 3610 134 3667; x_wconf 85' lang='lat' dir='ltr'><strong>facie</strong></span> <span class='ocrx_word' id='word_1_285' title='bbox 150 3608 270 3684; x_wconf 88' lang='lat' dir='ltr'><strong>scripsit</strong></span> <span class='ocrx_word' id='word_1_286' title='bbox 285 3602 353 3688; x_wconf 87' lang='lat' dir='ltr'><strong>[inc.</strong></span> <span class='ocrx_word' id='word_1_287' title='bbox 366 3611 384 3668; x_wconf 84' lang='lat'><em>5</em></span> <span class='ocrx_word' id='word_1_288' title='bbox 389 3611 407 3668; x_wconf 85' lang='lat'><em>5</em></span> <span class='ocrx_word' id='word_1_289' title='bbox 416 3606 461 3690; x_wconf 88' lang='lat' dir='ltr'><strong>J]</strong></span> <span class='ocrx_word' id='word_1_290' title='bbox 477 3611 661 3687; x_wconf 91' lang='lat' dir='ltr'><strong>eundemque</strong></span> <span class='ocrx_word' id='word_1_291' title='bbox 675 3613 706 3670; x_wconf 88' lang='lat' dir='ltr'><strong>in</strong></span> <span class='ocrx_word' id='word_1_292' title='bbox 721 3613 835 3688; x_wconf 86' lang='lat' dir='ltr'><strong>ceteris,</strong></span> <span class='ocrx_word' id='word_1_293' title='bbox 850 3632 926 3689; x_wconf 89' lang='lat' dir='ltr'><strong>quac</strong></span> <span class='ocrx_word' id='word_1_294' title='bbox 939 3613 1078 3672; x_wconf 87' lang='lat' dir='ltr'><strong>similiter</strong></span> 
     </span>
    </p>
   </div>
   <div class='ocr_carea' id='block_1_16' title="bbox 0 0 1244 3904">
    <p class='ocr_par' dir='ltr' id='par_1_17' title="bbox 0 0 1244 3904">
     <span class='ocr_line' id='line_1_39' title="bbox 0 0 1244 3904; baseline 0 0"><span class='ocrx_word' id='word_1_295' title='bbox 0 0 1244 3904; x_wconf 95' lang='lat' dir='ltr'><strong> </strong></span> 
     </span>
    </p>
   </div>
  </div>
 </body>
</html>
