2444 3902
160 171 223 238 188
306 173 514 227 Grammaticus
533 174 635 226 aetatis
655 173 848 227 Varronianus
866 173 1027 244 fragmenta

160 342 199 389 cst
217 351 261 388 eos
276 336 358 402 prius
376 351 459 403 quam
478 341 576 388 ceteros
598 335 630 386 in
649 335 733 388 lucem
748 334 900 402 prodiisse;
926 335 956 386 id
975 334 1047 402 quod
1067 334 1134 388 aliis
1151 333 1175 386 de

159 407 252 460 causis
275 407 374 460 Usener
399 423 503 474 quoque
527 407 626 460 statuit
651 406 727 473 (ibid.
744 423 773 474 p.
790 408 863 474 632).
901 407 966 459 binc
988 407 1073 461 etium
1097 407 1174 472 seqni-
1216 433 1217 438 =

159 484 206 531 tur
220 479 344 544 primum
365 477 465 530 librum
484 478 518 530 ab
538 478 581 544 liis
599 478 721 530 alienum
740 493 808 542 csse;
828 479 877 545 qui
890 479 983 545 potuit
1002 479 1077 531 enim
1098 477 1174 530 Varro
1216 479 1217 500 ¹

159 549 243 602 multo
262 550 384 602 uberiore
399 551 537 616 prooemio
556 549 696 615 praefari,
723 566 807 617 quam
830 551 877 602 cui
900 565 968 617 opus
990 545 1175 616 responderet?

158 623 271 674 missum
289 623 361 673 euim
379 621 453 686 facio
472 621 602 674 disertum
616 621 759 686 scriptoris
777 621 967 674 testimonium.
993 621 1085 674 Varro
1100 621 1175 690 iqitur

159 693 191 744 in
218 693 297 745 libris
325 692 362 744 ad
391 691 557 756 Ciceronem,
589 698 622 744 ut
648 691 764 757 uidetur,
791 691 863 744 nihil
891 692 984 756 uliud,
1016 692 1077 744 nisi
1106 707 1175 758 opus·

159 764 251 817 culum
274 763 404 829 Septimio
428 765 550 816 dicatum
572 765 731 816 retractauit
753 768 834 831 atque
857 763 993 816 dilatauit.
1032 769 1064 816 at
1088 763 1122 815 de
1142 763 1176 814 bis

158 835 229 902 ipsis
253 835 333 888 libris
358 835 515 903 ambiqitur.
555 835 647 890 Cicero
667 836 789 888 enimin
807 835 980 888 Academicis
997 841 1068 901 post.
1085 835 1177 900 1,1,t

159 913 184 960 et
203 907 234 960 in
252 907 327 975 epist.
357 906 395 958 ad
414 908 623 971 Att.13,12,3
646 908 809 976 qeneratim,
836 906 919 959 codeu
937 906 1124 960 Florentinus
1141 907 1175 957 in-

159 978 286 1031 euntibus
309 977 388 1030 libris
413 977 509 1045 quinto
532 984 557 1031 ei
580 978 682 1032 decimo
706 978 875 1044 plurimique
897 977 1075 1045 qrammatici
1098 977 1175 1030 notui-

159 1051 248 1102 natiui
262 1065 353 1102 omnes
369 1049 452 1103 libr0s
472 1049 627 1102 V-XXV
641 1050 679 1102 ad
694 1049 848 1104 Ciceronem
862 1050 957 1101 missos
971 1064 1026 1102 esse
1040 1053 1175 1102 testantur.

159 1120 232 1188 quod
258 1122 285 1173 si
311 1121 422 1174 Seruius
445 1120 668 1188 (Aeu.12,139)
693 1121 890 1188 Pliilarqqrius
913 1121 982 1187 (buc.
997 1123 1026 1184 2,
1041 1123 1090 1188 63)
1110 1120 1175 1172 'Dio-

159 1192 246 1245 medes
269 1195 324 1245 sire
344 1191 471 1245 Valerius
494 1193 603 1246 Probus
621 1194 657 1259 (p.
679 1193 802 1259 377,12)
822 1192 932 1244 tertium
955 1207 1059 1259 quoqne
1085 1191 1175 1244 librum

159 1271 300 1330 tamqnam
315 1263 352 1315 ad
367 1263 521 1316 Ciceronem
537 1264 669 1330 scriptum
689 1262 815 1326 lauduni,
834 1263 883 1316 boc
901 1263 980 1332 lonqe
995 1263 1071 1316 abest
1086 1268 1119 1315 nt
1131 1263 1176 1314 airu

160 1336 375 1388 testimoniorum
392 1336 634 1404 qrammaticorum
654 1333 781 1398 debilitet,
805 1333 835 1386 id
854 1333 927 1400 qnod
946 1335 1027 1388 Riese
1046 1333 1177 1388 contendit

160 1406 270 1474 (Putat.
285 1409 331 1470 27,
346 1407 424 1474 29ης
446 1411 525 1473 atque
544 1406 626 1458 etiam
645 1402 723 1458 nobis
741 1421 770 1458 eo
789 1405 913 1473 qrauiori
931 1405 1036 1458 indicio
1051 1412 1099 1470 est,
1115 1403 1177 1472 qnod

159 1478 224 1530 birro
246 1477 413 1545 iutelleqitur
435 1478 513 1542 famu
534 1477 684 1542 Ciceronis,
707 1478 858 1530 maximam
882 1477 972 1545 operis
991 1483 1103 1544 partem
1122 1476 1176 1528 iliu·

159 1555 260 1613 straus,
279 1548 407 1614 Septimii
424 1565 522 1601 nomen
538 1565 655 1616 prorsus
673 1548 842 1601 obscurasse:
866 1548 914 1601 lioc
932 1549 1028 1601 saltem
1048 1562 1177 1614 nusquam

160 1620 237 1687 apud
255 1625 379 1673 auctores
397 1626 520 1687 apparet.
545 1621 714 1673 econtrario
739 1619 827 1672 Varro
847 1620 935 1672 tribus
959 1619 1026 1673 locis
1051 1618 1094 1686 (de
1114 1620 1130 1672 l.
1149 1616 1176 1668 L.

160 1696 186 1754 5,
202 1696 225 1743 1.
243 1695 269 1756 6,
284 1694 329 1743 97.
345 1694 370 1755 7,
385 1694 450 1756 109)
471 1691 624 1744 Ciceronem
644 1691 802 1758 alloquitur,
822 1695 853 1743 ut
872 1691 909 1742 ad
929 1706 990 1744 eum
1008 1692 1081 1742 tres
1103 1690 1178 1742 libros

158 1763 273 1826 scribat,
308 1762 381 1830 quod
408 1763 439 1814 in
461 1762 633 1829 sequentibus
657 1761 737 1814 VIII
741 1761 815 1812 —X
841 1763 898 1814 ium
920 1777 977 1816 non
1000 1761 1083 1827 facit:
1113 1758 1178 1814 unde

160 1834 240 1887 Riese
260 1834 334 1899 effici
350 1835 409 1886 uiilt
432 1833 508 1901 (ibid.
527 1851 554 1901 p.
569 1834 634 1901 297)
659 1850 687 1886 re
707 1849 770 1886 uera
789 1833 827 1885 ad
838 1829 1001 1886 'Ciceronem
1019 1833 1106 1886 libros
1124 1837 1177 1884 tan·

160 1913 218 1958 tum
233 1905 291 1957 V—
299 1906 356 1957 VII
375 1905 471 1958 missos
489 1922 555 1969 esse,
575 1905 607 1958 de
625 1905 718 1957 ceteris
736 1910 828 1957 autem
842 1904 965 1958 'Varroni
983 1906 1070 1958 solam
1088 1904 1177 1958 coluu-

159 1982 242 2029 tutem
260 1977 355 2041 fuisse,
374 1992 444 2043 quae
462 1976 494 2029 ob
509 1977 680 2044 repentinam
696 1975 834 2028 Ciceronis
853 1981 964 2029 mortem
983 1976 1073 2029 inrita
1091 1975 1177 2038 fuerit.

160 2054 190 2101 at
212 2048 238 2100 si
257 2049 345 2114 paulo
367 2047 519 2101 studiosius
544 2048 676 2100 Varronis
699 2048 780 2100 uerba
803 2046 925 2115 leqimus,
945 2048 970 2099 is
989 2048 1073 2102 totius
1095 2045 1178 2114 operis

159 2125 213 2172 tres
231 2121 301 2173 solos
325 2119 408 2172 libros
429 2119 554 2172 Ciceroni
570 2135 597 2172 sc
616 2119 751 2172 dicacisse
773 2135 830 2172 non
849 2119 929 2182 dicit,
954 2118 1002 2171 sed
1021 2124 1074 2171 tres
1092 2133 1178 2169 earum

160 2191 301 2254 librorum,
321 2191 370 2242 uslai·
385 2190 473 2258 ‘quem
488 2189 650 2242 admodum
668 2191 749 2243 rebus
764 2189 873 2242 Latina
891 2190 1006 2243 nomina
1024 2191 1081 2242 sini
1099 2190 1178 2255 impu

157 2261 225 2316 sita'
247 2262 405 2330 disputavit.
444 2262 516 2328 quod
534 2278 589 2328 qua
608 2261 640 2315 de
659 2260 986 2326 causafecerit,diversa
1001 2260 1178 2314 dicationem

160 2333 269 2386 duabus
284 2335 372 2401 operis
387 2333 517 2401 partibus
531 2333 650 2386 eiusdem
664 2333 820 2400 arqumenti
834 2333 997 2399 explicatur.
1031 2331 1179 2398 ceteroquin

159 2406 192 2468 si,
212 2421 294 2472 quam
314 2411 414 2474 arquta
433 2420 465 2457 ac
485 2405 603 2474 beniqna
621 2405 750 2457 comitate
767 2403 858 2458 Cicero
877 2405 908 2456 in
923 2403 1098 2456 Academicis
1111 2406 1178 2470 post.

167 2477 316 2529 Varronem
340 2476 506 2543 alloquatur,
532 2481 564 2528 ui
578 2477 746 2544 promissum
764 2491 866 2528 munus
883 2480 971 2544 ropet,
996 2491 1054 2528 non
1110 2474 1178 2542 qitet,

160 2548 309 2612 considero,
331 2548 479 2600 Varronem
500 2547 625 2601 Ciceroni
638 2547 707 2614 pari
725 2548 865 2600 uolrirriate
883 2547 915 2598 in
929 2547 1071 2614 prooemio
1089 2543 1178 2598 rescri-

161 2621 219 2672 bere
248 2619 370 2672 debuisse
397 2618 466 2671 mihi
492 2618 662 2686 persuadeo;
694 2635 760 2671 nam
784 2618 857 2684 quod
877 2618 965 2671 Varro
989 2617 1071 2670 initio
1094 2613 1180 2684 quinti

160 2690 227 2744 libri
253 2689 413 2758 simpliciter
442 2690 606 2756 breuiterque
636 2689 685 2742 ‘ad
704 2694 727 2742 tc
746 2689 875 2743 scribam'
906 2690 960 2752 ait,
989 2689 1099 2741 nomine
1127 2688 1179 2755 ipso

162 2761 301 2815 Ciceronis
328 2761 439 2825 ontisso,
472 2761 521 2814 troc
548 2762 579 2812 in
606 2761 713 2814 hancine
737 2761 845 2813 urbana
868 2761 917 2813 oin
939 2760 1085 2825 satisfacit.
1124 2773 1178 2811 curn

159 2833 247 2902 iqitur
265 2834 408 2899 superiora
422 2833 663 2901 qrammaticorum
682 2831 834 2898 codicisque
852 2831 930 2884 utor.
951 2831 1105 2884 testimonia
1124 2843 1178 2882 cum

161 2904 313 2957 testimonio
339 2903 472 2957 Varronis
500 2905 593 2971 aliquo
621 2903 700 2957 modo
728 2904 874 2956 conciliari
896 2903 1019 2970 possint,
1047 2909 1126 2970 atque
1153 2901 1179 2950 in

161 2976 240 3029 libris
253 2975 311 3022 V-
318 2974 375 3028 VH
392 2975 482 3028 Cicero
501 2976 580 3028 uiuus
599 2981 766 3040 rtiemoretur,
785 2981 849 3028 ante
863 2976 922 3028 eius
936 2980 1048 3027 mortem
1062 2973 1125 3043 [711
1135 2968 1178 3038 ’13]

162 3047 245 3100 libros
270 3047 314 3099 De
338 3046 354 3098 l.
375 3047 424 3111 L,
457 3047 506 3114 qui
532 3048 589 3099 iam
617 3045 682 3099 inde
710 3046 745 3099 ab
773 3064 798 3099 a.
825 3045 941 3106 707147·
947 3045 1081 3114 promissi
1106 3047 1179 3095 eraut

162 3117 227 3187 (Cic.
248 3118 286 3170 ad
305 3119 362 3170 Ati.
383 3121 427 3182 13,
443 3121 486 3182 12,
502 3119 529 3184 3)
553 3118 691 3172 absolutos
714 3123 794 3184 atque
813 3118 899 3171 editos
918 3133 972 3170 esse
991 3115 1176 3170 constituerim.

161 3190 196 3254 cf.
221 3189 380 3259 LSpcnqel,
414 3189 484 3243 Abli.
508 3189 533 3241 d.
555 3189 658 3258 Bauer.
679 3189 769 3242 Atat.
787 3192 804 3240 7
819 3191 882 3241 Β.2
905 3189 969 3241 Abi.
990 3191 1062 3246 1854
1076 3204 1105 3254 p.
1121 3187 1170 3238 443

166 3261 324 3314 Wilmanus
333 3277 363 3328 p.
376 3264 411 3312 37
416 3277 453 3328 sq.
484 3261 668 3314 Reitzenstein
679 3260 745 3314 ibid.
756 3276 786 3327 p.
798 3264 832 3314 31
838 3276 875 3328 sq.
887 3267 912 3314 et
924 3260 1083 3326 praesertim
1095 3274 1123 3325 p.
1135 3259 1170 3307 80

602 3409 740 3464 INDIOIA

183 3473 186 3478 ’
238 3513 260 3560 ι.
289 3509 374 3560 rai-ro
398 3507 422 3558 a.
448 3510 465 3559 ι.
486 3508 520 3559 L.
543 3511 567 3572 r,
583 3513 636 3561 110
662 3508 751 3560 omna
778 3508 870 3575 operis
897 3507 931 3560 ee
958 3507 1056 3576 ungui
1081 3463 1178 3558 tarni

166 3576 218 3628 tris
232 3576 288 3629 feci
302 3577 401 3643 pariis,
415 3578 507 3643 primo
519 3593 603 3643 quem
618 3579 653 3630 ad
669 3579 783 3632 modum
798 3578 934 3633 vocabula
950 3578 1082 3646 imposita
1098 3591 1173 3629 essen
