2444 3902
394 189 422 243 C.
441 189 528 243 Iulius
549 189 651 244 Caesar
970 189 1034 254 155

87 349 166 404 Char.
187 355 328 420 p.119,3
353 352 397 419 (=
423 351 497 404 Plia.
518 350 581 404 dul).
601 367 677 404 seraa.
697 368 728 419 p.
749 354 792 416 52,
807 352 901 420 2513.)
928 351 1034 405 animal

18 421 138 474 animale
153 419 248 487 faciet,
263 423 296 474 ul
311 421 457 474 antumnal
471 420 635 474 autumnale
650 421 757 490 capital
771 421 894 490 capitale
908 421 1033 476 tribunal

16 492 162 560 tribunale,
190 508 263 560 quae
285 492 414 562 patiendi
437 509 493 546 non
517 494 591 559 sunt,
616 495 649 547 ut
672 510 757 563 supra
781 493 911 546 diximus.
948 508 1034 549 1111111

17 595 45 604 ·-
58 578 145 626 puteali

87 677 102 723 a
121 651 233 741 puledli
253 671 282 724 ei
298 670 334 724 ab
353 667 407 724 hoc
429 650 542 740 putedli

83 911 213 968 omnium
243 912 396 968 nominum
427 823 501 985 uile
519 815 602 969 [fflt
631 911 731 969 neutri
760 912 876 988 generis
901 914 930 970 et
962 912 993 969 in
1008 929 1032 968 c

21 999 221 1073 seminantur,
246 1001 289 1057 aii
306 999 422 1058 Plinius
442 997 599 1058 Caesarem
621 1000 710 1058 scisse
730 1000 848 1059 eosdem
868 1019 930 1059 esse
950 1000 1032 1059 abla-

22 1089 95 1146 tivos
118 1089 220 1164 quales
244 1092 314 1147 suni
336 1088 431 1146 dativi
455 1088 627 1166 singulares.

89 1186 166 1240 Char.
186 1205 217 1256 p.
242 1191 354 1252 122,14
381 1188 425 1255 (=
449 1187 525 1241 Plia.
549 1187 611 1241 dub.
636 1204 713 1242 serra.
733 1205 763 1256 p.
783 1189 870 1256 9,12)
899 1185 1031 1256 aplustre.

21 1272 114 1311 omnum
127 1290 154 1297 -
166 1272 296 1322 ungulam
338 1260 372 1325 cs.
393 1259 479 1312 Prisc.
495 1275 525 1327 p.
546 1263 607 1324 350,
622 1263 666 1313 24,
712 1275 796 1327 aeque
814 1259 879 1312 hiae
897 1275 981 1327 aeque
999 1276 1033 1313 aa

21 1345 84 1396 seqq.
101 1330 200 1400 fragm.
218 1333 265 1396 24,
278 1333 328 1384 24“ι
346 1331 469 1399 colligere
488 1329 549 1384 licet
568 1330 710 1384 Gaesarem
731 1330 889 1384 ‘ablaticus’
910 1331 1031 1399 appella-

21 1399 114 1453 tionem
131 1401 244 1466 acuisse,
266 1408 298 1456 ut
317 1401 418 1455 Larsch
435 1401 568 1468 opinatur
586 1401 767 1470 (Spraalrphil.
788 1400 813 1454 d.
833 1402 890 1455 aa.
910 1406 937 1468 2,
951 1403 1016 1468 231)
1022 1422 1032 1467 ,·

27 1470 108 1525 Varro
125 1479 193 1527 certa
211 1473 316 1540 aliquot
330 1479 395 1542 post
412 1488 501 1526 auaos
519 1473 550 1526 ia
568 1474 647 1527 libris
665 1473 709 1527 De
725 1474 742 1527 l.
758 1474 792 1526 L.
811 1480 917 1528 scutum
938 1489 1031 1528 caum

22 1543 59 1596 cal
75 1543 208 1598 Latinum
226 1561 320 1598 casum
337 1551 446 1598 tautum
464 1543 543 1598 modo
562 1551 686 1613 usurpat.

87 1646 102 1693 2
121 1641 205 1695 scisse
223 1642 243 1694 i.
258 1658 278 1695 a.
298 1640 413 1696 iussisse
431 1659 449 1695 a
467 1642 604 1696 sciscaado

450 1794 494 1850 24
533 1794 578 1851 22

83 1917 114 1956 ar
131 1899 241 1958 litteris
265 1900 385 1956 nomina
408 1786 557 1957 neutralia
577 1786 740 1958 lerminata
758 1899 833 1956 item
850 1917 910 1957 non
932 1899 1030 1956 minus

28 1978 141 2062 [caedua
170 1988 277 2046 habere
311 1988 452 2046 ablativos
488 1989 589 2060 quales
621 1989 734 2047 dativae
770 1982 948 2066 ssiayalaras]
988 1989 1031 2046 aii

29 2071 131 2150 Caesar,
160 2077 233 2152 quia
260 2077 363 2136 dativo
391 2079 422 2136 ei
449 2076 582 2136 ablativo
610 2079 676 2152 pari
703 2079 768 2136 iure
795 2077 969 2154 iunguntur,
996 2079 1031 2134 ni

26 2163 94 2222 idem
114 2164 229 2224 Plinius
253 2165 363 2224 scribis.

88 2264 164 2319 Char.
179 2282 210 2333 p.
232 2268 346 2330 122,16
369 2270 413 2332 (=
433 2265 508 2318 Plia.
528 2264 592 2318 dub.
612 2281 689 2319 seruc.
704 2282 735 2333 p.
755 2269 780 2330 9,
796 2269 830 2320 15
840 2267 887 2331 Β.)
912 2289 938 2318 ar
951 2279 1031 2320 uaeris

27 2363 46 2372 -
59 2349 134 2389 arina

89 2439 101 2486 1
119 2434 188 2487 ilem
207 2433 381 2504 Nipperdey:
400 2432 475 2487 idem

440 2586 505 2643 24α
543 2585 588 2642 22

82 2689 194 2750 Plinius
218 2692 263 2750 ait
289 2693 367 2749 inter
395 2693 492 2749 cetera
520 2577 611 2749 elsal
637 2691 718 2750 istud
747 2690 777 2750 0.
803 2690 958 2750 Gaesarem
981 2691 1030 2750 de-

26 2776 92 2838 disse
108 2783 310 2856 praeceptum,
330 2780 408 2855 quod
422 2781 529 2838 neutra
547 2779 668 2839 nomina
683 2800 716 2838 ar
729 2780 913 2866 nominatius
929 2781 1030 2839 clausa

25 2871 100 2942 peri
126 2869 262 2928 daiivum
292 2870 515 2943 ablativumque
546 2869 712 2946 singulares
742 2870 914 2944 ostendanl3
943 2869 1031 2927 iubar

26 2959 113 3016 tamen
131 2958 241 3017 abhas
257 2959 362 3036 regula
380 2957 531 3017 dissidere.
564 2977 634 3017 narn
646 2961 682 3016 ut
695 2958 765 3017 huie
782 2958 881 3017 iubari
895 2959 1028 3032 dicimus,

26 3044 57 3102 ab
73 3046 124 3106 hcc
142 3047 247 3107 iubare
270 3047 427 3106 dicendum
450 3050 504 3120 est,
526 3049 561 3105 ut
578 3047 647 3106 huic
671 3049 744 3106 farri
764 3049 794 3105 et
813 3047 849 3105 ab
868 3047 924 3106 hoc
941 3048 1028 3106 farre.
1058 3068 1070 3108 s

88 3147 164 3200 011111.
184 3163 215 3216 p.
236 3150 350 3212 133,18
372 3147 417 3216 (=
436 3147 512 3201 Plia.
532 3145 595 3200 dub.
614 3162 691 3200 serm.
709 3163 737 3214 p.
754 3149 797 3213 12,
812 3150 849 3200 32
859 3147 907 3215 Β.)
930 3145 1029 3199 iubare

25 3213 95 3283 [·bar
111 3219 188 3288 cod.].
217 3231 304 3272 minius
317 3232 422 3272 -sarra
455 3217 489 3282 cf.
510 3216 703 3272 Brambach'l.
717 3234 739 3272 c.
757 3234 784 3286 p.
801 3221 860 3272 165.

86 3324 193 3393 lquod
212 3323 376 3380 Fabricius:
395 3305 433 3393 31
447 3325 491 3395 (=
511 3327 640 3392 quorum)

446 3475 489 3535 25
531 3477 572 3534 19

82 3579 186 3642 Caesar
209 3583 242 3640 in
266 3583 428 3661 analogicis
452 3469 558 3641 hanlm
572 3470 708 3658 lartum.
774 3642 777 3648 ,
