2480 3904
147 176 214 241 470
312 176 518 230 Grammaticae
536 175 640 229 aetatis
659 176 819 246 Augusteee
838 175 996 243 fragmenta

154 339 241 393 Varro
260 337 292 391 de
310 338 328 392 l.
348 337 382 391 L.
402 340 498 403 5,1oa
515 353 572 389 nux
590 336 714 405 iuglnns,
738 334 813 406 quod
833 351 895 388 cum
918 333 988 387 hacc
1006 350 1059 384 nux
1078 333 1147 385 anta

148 424 234 476 quam
252 410 399 478 purgatur,
419 407 520 460 similis
539 406 660 476 glandis,
678 407 749 461 haec
767 406 848 477 glans
868 405 976 474 optima
993 405 1020 458 et
1035 404 1148 456 maxime

120 489 124 497 ’
148 497 164 533 a
178 479 243 534 Iove
258 481 287 533 et
301 479 404 549 glande
423 478 535 548 iuglans
550 479 593 532 eet
607 478 759 547 appellata.
792 480 827 546 cs.
842 478 1021 547 Hypsicratea
1033 474 1070 530 ael
1084 477 1116 542 fr.
1125 479 1146 528 t.

219 593 233 640 1
260 585 399 656 iugulans.
430 585 466 639 di.
494 586 585 640 Paria
614 584 746 654 iugulem
774 585 933 653 (posteriore
959 601 979 636 u
1003 582 1095 650 deleto)
1120 580 1149 633 de

147 659 245 712 Banb.
319 655 461 728 diiuglans

396 850 664 906 ORDINATORUM
686 849 913 906 GRAECORUM

217 980 266 1033 toa
283 979 367 1032 librae
380 995 399 1032 a
412 977 598 1046 superioribas
616 977 806 1032 dlecernendoa
824 993 878 1032 oeae
895 976 975 1030 hodie
991 977 1049 1028 iam
1063 988 1150 1036 omna,

147 1050 220 1119 qnod
233 1052 327 1115 saon,
345 1051 533 1115 consentinam
546 1065 603 1102 non
616 1049 704 1104 eolnm
719 1051 792 1103 enlm
805 1049 948 1117 inscriptio
961 1064 1023 1101 oocc
1038 1045 1149 1100 ‘ordina

148 1123 257 1187 toonm',
281 1137 363 1190 qnam
384 1121 490 1174 Gelllne
506 1137 594 1189 mepta
611 1121 731 1190 lpnorat,
753 1125 908 1174 constanter
926 1120 1034 1172 dinnao
1051 1123 1096 1181 eat,
1112 1115 1151 1169 eat

147 1194 279 1260 differant
297 1193 379 1246 etiam
397 1193 421 1246 e'l
437 1197 543 1245 natnna
557 1208 656 1246 rernm.
689 1192 761 1260 qnod
779 1192 851 1245 enlm
869 1207 902 1244 en
915 1192 1017 1258 panone
1034 1188 1151 1254 serietate

147 1266 276 1331 otdomne,
294 1266 326 1318 in
338 1265 388 1318 ltoc
403 1264 506 1317 Cloatin'
521 1280 597 1332 opere
610 1265 725 1317 nmnlna
738 1265 880 1317 variarum
895 1278 994 1328 rernm,
1012 1261 1150 1314 candian

147 1338 178 1390 in
192 1337 209 1389 l.
224 1337 267 1402 11,
285 1335 425 1402 fmoctnnm
440 1335 471 1388 tn
485 1335 538 1401 IV,
557 1335 668 1388 collecta
681 1340 705 1388 et
722 1336 876 1388 litteratam
893 1332 988 1388 oraine
1001 1334 1033 1386 in
1045 1329 1151 1400 einana

147 1408 284 1476 capitolino
307 1407 442 1474 disposita
460 1413 547 1460 erant.
583 1407 616 1460 ele
634 1423 690 1475 qna
707 1407 947 1476 psammeticornm
969 1401 1150 1458 camaeleon

148 1480 225 1554 apnol
245 1478 363 1534 Graecos
386 1484 411 1532 et
429 1479 570 1532 Romanoa
591 1478 634 1530 oct.
655 1477 887 1542 ISchoenennann,
909 1476 942 1530 dc
964 1472 1150 1544 lexicopraptla

148 1553 272 1620 anaante
286 1551 427 1618 (Hannon.
439 1552 524 1618 1886)
540 1567 567 1616 p.
578 1552 656 1617 itaq.
675 1565 736 1602 enne
751 1549 934 1617 appellatione
948 1541 1149 1600 ‘ordinatorem’

147 1622 303 1677 contentae
325 1621 504 1686 conferendae
528 1627 605 1686 cant,
631 1626 663 1674 nt
685 1621 815 1685 consonae
838 1619 1018 1687 qaaestionem,
1047 1615 1149 1677 ἄτακτα,

149 1700 268 1764 συμμιγῆ
288 1693 324 1746 al.
344 1693 376 1747 ele
394 1708 455 1746 ooce
475 1691 665 1747 ‘Graecorum’
686 1692 720 1757 cf.
739 1690 942 1745 schoenemann
955 1706 986 1758 p.
1001 1693 1038 1742 54
1055 1687 1115 1742 adn.
1128 1687 1148 1737 9.

609 1808 628 1865 6
665 1809 687 1865 2

215 1915 263 1973 lto.
283 1915 329 1971 II.
375 1912 459 1972 Deli
491 1932 552 1972 ara
588 1799 858 1988 est[ripollinis
889 1907 1088 1988 Γενέτορος,
1119 1883 1148 1962 iil

150 2021 217 2078 qua
231 2003 370 2061 nullum
390 2002 526 2060 animal
540 2003 784 2069 sacrificatur,
805 2019 908 2077 quam
921 1998 1147 2078 Pythagoram

149 2093 250 2152 velut
272 2091 490 2151 inviolatam
515 2090 724 2150 adoravisse
747 2091 911 2166 produnt.

221 2192 345 2246 Mamali.
362 2193 387 2255 3,
402 2193 460 2255 6,2
487 2191 597 2243 constat
623 2188 710 2256 enim,
737 2189 810 2242 sicut
833 2187 957 2242 Cloatius
976 2188 1064 2242 Verus
1085 2180 1145 2238 ordi·

149 2263 280 2316 natorum
297 2261 369 2315 libro
390 2261 511 2315 secundo
532 2261 621 2326 docet,
641 2277 701 2315 esse
720 2260 784 2314 Deli
804 2277 893 2326 aram,
917 2260 993 2328 apud
1011 2275 1091 2328 quam
1107 2254 1146 2305 ho

150 2334 205 2386 etia
219 2351 275 2387 non
290 2331 425 2397 caeditur,
445 2333 495 2386 ead
513 2334 622 2385 tantum
644 2330 772 2386 sollemni
792 2333 874 2385 deum
890 2347 973 2400 prece
987 2329 1146 2385 venerentur.

148 2404 235 2458 rerba
254 2403 356 2458 Cloatii
380 2402 450 2457 haec
473 2406 551 2458 sunt:
574 2417 626 2458 Deli
643 2435 670 2443 —
687 2417 791 2466 produnt.
827 2404 862 2468 cf.
882 2403 996 2458 Arnetot.
1014 2420 1059 2472 ap.
1077 2399 1144 2465 Divo-

149 2477 241 2531 Loert.
262 2479 347 2542 8,13.

598 2600 712 2685 7[11]

216 2715 236 2773 l.
256 2715 314 2774 IV.
356 2715 439 2773 sunt
461 2717 579 2773 autem
599 2733 728 2792 genera
750 2714 936 2772 malorum:
959 2711 1144 2772 Amerinum

150 2804 333 2863 cotonium
360 2803 519 2862 -citreum
556 2803 792 2878 coeoymelum
831 2803 1053 2862 conditivum
1084 2795 1143 2856 ἐπι·

151 2891 255 2970 μηλὶς
295 2895 470 2951 musteum
506 2887 740 2950 Mattianum
780 2892 1020 2950 orbiculatum
1056 2887 1143 2948 Ocra·

150 2985 289 3040 tianum
325 2999 479 3056 praecox
515 2999 735 3057 pannuceum
767 2981 952 3040 Punicum
983 2980 1142 3040 Persicum

124 3081 135 3121 ὁ
152 3071 361 3140 Quirianum
377 3073 562 3146 prosivum
579 3070 723 3128 rubrum
739 3071 978 3129 Scandianum
994 3065 1143 3130 silvestre

152 3159 347 3220 struthiam
372 3160 604 3218 Scantianum
627 3159 738 3218 Tibur
759 3160 959 3218 Verianum.

224 3260 348 3313 Macrob.
364 3261 482 3324 3,1o,2
504 3258 643 3311 malorum
662 3257 851 3312 enumeranda
869 3260 934 3311 sunt
953 3273 1064 3328 genera,
1085 3259 1142 3318 quw

153 3327 277 3381 Cloatius
296 3329 325 3381 in
345 3330 537 3382 ordinatorum
556 3328 725 3382 Graecorum
744 3329 816 3383 libro
835 3331 935 3397 quarto
953 3329 996 3382 ite
1014 3320 1144 3393 diligenter

153 3400 309 3451 enumerat:
327 3417 380 3452 sum
394 3418 468 3452 nutem
482 3431 508 3438 —
523 3414 652 3454 venenum.
684 3403 718 3468 cf.
739 3401 807 3454 laid.
827 3418 866 3455 on.
882 3403 925 3467 17,
940 3405 966 3467 7,
980 3405 1038 3469 3ea.

224 3506 239 3551 2
264 3502 433 3569 coccymeliu
452 3505 544 3558 Pania
643 3511 658 3557 3
682 3507 860 3576 ogratianum
955 3513 970 3560 t
995 3494 1141 3559 scandiam

155 3568 246 3620 Parta.
266 3569 454 3626 Scaudianum
472 3574 531 3627 Jan
603 3578 708 3630 strucifi
728 3580 821 3632 Parte.
841 3578 944 3632 strutii'i
963 3578 1058 3632 Bomb.
