2442 3902
151 187 218 252 406
301 187 505 244 Grammaticus
524 188 627 243 estatis
646 188 838 244 Varronianus
857 191 1017 261 fragments

152 374 219 414 eum
242 357 361 432 scripsit
383 359 445 416 tres
469 360 499 416 et
520 358 629 434 viginti
652 377 744 420 annos
767 362 872 418 netum
895 359 1025 435 primum
1047 377 1144 418 censen
1200 389 1201 398 κ

150 442 395 594 {igttlzglrgispsrgrblici
423 449 516 524 egisse
541 445 721 523 Sextumque
745 448 885 506 Roscium
908 449 1060 524 parricidii
1079 467 1145 506 reum

224 632 291 687 (rell.
308 638 351 700 15,
364 637 413 699 28,
427 640 443 689 1
462 646 577 689 comeum
590 649 665 697 Nono·
683 637 713 689 ct
731 651 823 690 rerum
836 635 989 700 memoriae
1002 653 1057 691 non
1069 633 1147 690 indili-

150 720 219 772 gens
245 706 274 758 et
299 704 336 758 M.
356 704 496 759 Ciceronis
521 709 554 760 ut
578 705 628 773 qui
653 707 775 760 maxime
801 706 906 760 unricus
932 706 1079 762 familiaris
1098 707 1144 758 fnit.

150 776 235 842 etque
263 775 287 828 is
314 777 410 830 temen
438 791 593 831 laubrorum
615 792 686 841 primo
709 809 745 818 -
768 793 899 834 ostensius
937 780 1059 847 sequitur
1081 778 1146 832 Gellii
1201 813 1202 836 t

149 847 287 911 refutatio.
316 848 350 913 cf.
370 848 443 903 Suet.
463 849 520 902 rell.
535 865 565 916 p.
581 853 617 902 81
637 850 672 904 It.
1201 869 1202 878 ¹

222 958 237 1005 3
256 953 378 1022 primum
397 956 488 1010 Parte.
508 955 628 1024 primam
645 957 702 1010 reli.

346 1167 395 1220 EX
413 1166 530 1222 LIBRIS
550 1168 597 1221 DE
616 1167 854 1223 INLUSTRIBUS
873 1169 969 1223 VIRIS

221 1310 293 1376 libri,
321 1311 370 1380 qui
392 1313 516 1380 primum-
543 1327 626 1376 anno,
654 1318 686 1365 ut
709 1311 826 1378 videtur,
855 1311 964 1384 720s34
987 1310 1146 1381 (Νῲρπάιγ,

144 1382 235 1449 praef.
256 1382 294 1435 nd
314 1381 394 1436 Coro.
414 1382 484 1451 Nep.
499 1399 530 1450 p.
547 1382 640 1450 XXI)
660 1385 691 1436 in
708 1384 806 1453 vulqus
819 1385 959 1453 propositi
975 1391 1049 1450 sunt,
1066 1381 1146 1436 deiude

127 1490 128 1496 κ
149 1469 246 1508 rursus
264 1453 341 1506 iutra
359 1472 384 1506 n.
401 1453 668 1524 723s31-727s27
687 1454 732 1523 (cs.
747 1454 813 1508 ibid.
825 1471 854 1525 p.
870 1455 1034 1523 XXXXD,
1051 1453 1145 1508 sedeur

149 1524 293 1577 misticum
307 1525 422 1589 fuerunt
436 1507 482 1593 (Ie.
494 1526 531 1593 6),
544 1525 659 1591 fortusse
671 1530 768 1594 septem
778 1532 804 1580 et
812 1527 908 1591 decens,
921 1543 1037 1596 quorum
1046 1525 1147 1595 mensu,

149 1601 180 1648 ut
198 1595 313 1661 videtur,
332 1595 502 1664 prooemium
525 1597 597 1650 stem
618 1597 649 1648 ic
675 1597 808 1650 Varronis
826 1598 1001 1668 Imepe'nstus
1023 1597 1148 1666 amplecte

149 1672 195 1732 est,
216 1667 323 1733 deiude,
346 1673 377 1720 ut
393 1669 553 1722 recentiores
570 1668 729 1722 aestimem
751 1669 797 1735 (es.
817 1669 949 1723 Wsssowa
964 1668 1029 1723 RE
1044 1673 1069 1734 4,
1082 1669 1147 1722 1412.
1203 1689 1204 1712 i

149 1739 229 1792 Peter
247 1738 264 1791 l.
279 1755 300 1792 c.
316 1755 345 1806 p.
362 1739 445 1805 LV),
468 1740 507 1793 II
521 1745 546 1792 et
563 1739 619 1792 III
638 1755 720 1809 reyes,
743 1740 794 1792 IV
803 1745 828 1793 et
847 1741 981 1806 Vduoes,
1006 1741 1047 1794 VI
1061 1745 1085 1794 et
1102 1736 1152 1790 VII

144 1814 249 1877 poetae,
274 1809 352 1862 VIII
363 1816 388 1862 et
401 1812 447 1864 IX
462 1816 591 1876 oratores,
614 1810 645 1862 X
658 1817 683 1864 et
696 1810 747 1864 XI
761 1811 941 1878 philosophos,
965 1812 1035 1866 XII
1043 1818 1066 1865 et
1080 1808 1151 1864 XIII

148 1879 297 1948 dimetiens,
317 1881 368 1934 XI
371 1881 397 1934 V
407 1887 431 1935 et
446 1881 477 1933 X
482 1881 508 1934 V
521 1883 721 1952 praenuntiem,
741 1881 821 1936 XVI
836 1888 861 1936 et
879 1883 972 1936 XVII
987 1883 1103 1938 rieures.

598 2025 713 2110 ene
798 2025 800 2030 ’

215 2157 263 2215 lib.
276 2156 372 2214 XIII.
397 2157 474 2216 iuste
487 2159 668 2231 venusteque
683 2155 844 2216 admodum
857 2156 1075 2231 reprehendisse
1087 2155 1147 2213 dici-

148 2247 198 2303 tur
212 2245 323 2304 Aulum
342 2246 485 2304 Albinum
502 2245 541 2303 M.
559 2243 642 2303 Ceto.
679 2244 815 2318 Albinus,
835 2247 971 2320 quicum
991 2245 1024 2304 L.
1038 2242 1147 2304 Lucullo

148 2335 252 2394 consul
274 2335 342 2408 fuit,
365 2353 411 2394 res
434 2335 584 2394 Romanum
608 2336 742 2393 cretione
767 2332 879 2392 Graece
902 2335 1089 2409 scriptitavit
1122 2331 1147 2387 in

149 2423 211 2481 eius
241 2423 384 2483 historice
413 2424 561 2499 principio
593 2419 642 2498 [fr.
665 2417 745 2502 1Ρ.]
777 2424 922 2498 scriptum
950 2426 995 2482 est
1023 2423 1059 2482 nd
1084 2422 1147 2480 hunc

122 2513 339 2571 ssententiam:
362 2515 510 2572 neminem
533 2529 701 2571 suscensere
724 2512 782 2570 sibi
805 2513 969 2586 convenire,
993 2513 1019 2571 si
1038 2510 1103 2588 quid
1122 2507 1147 2564 in

147 2601 195 2659 his
212 2601 298 2661 libris
316 2621 422 2678 parum
446 2602 608 2677 composite
628 2603 680 2659 eut
698 2602 796 2659 minus
820 2601 971 2678 eleganter
989 2605 1053 2660 tum
1070 2600 1145 2672 strip·

147 2692 212 2748 tum
235 2690 328 2765 foret3
362 2685 448 2748 ‘nam
470 2684 552 2750 snm’
584 2691 684 2766 inquit
717 2685 821 2748 ‘homo
845 2690 997 2749 Romanus
1020 2686 1146 2748 nutsrsin

148 2776 248 2853 Latio,
286 2777 398 2838 Graece
431 2782 526 2838 oratio
555 2798 573 2837 a
600 2778 685 2838 nobis
718 2779 900 2840 alienissime
933 2773 1004 2852 est';
1037 2779 1146 2852 ideoque

147 2869 266 2927 venium
298 2871 486 2946 gratiamque
518 2868 615 2926 mulne
647 2867 889 2943 existimationiS,
926 2871 952 2928 si
982 2868 1054 2945 qnid
1083 2867 1146 2926 esset

108 2971 134 3010 10
149 2960 288 3030 erratum,
311 2957 484 3034 postulavit.
523 2976 558 3016 en
577 2976 643 3015 cum
661 2957 783 3034 legisset
801 2957 840 3016 M.
861 2957 949 3016 Ceto:
974 2953 1021 3017 ‘ne
1039 2951 1090 3029 tn'‚
1110 2955 1145 3012 in·

149 3046 215 3120 quit
246 3041 346 3121 ‘Aule‚
378 3049 506 3105 nimium
540 3049 671 3123 nugator
701 3064 744 3120 es,
780 3064 846 3104 cum
875 3047 1011 3106 maluisti
1043 3047 1145 3122 culpem

148 3133 301 3211 deprecari
320 3155 409 3210 quem
429 3136 517 3212 culpe
536 3154 650 3194 vacere.
689 3155 759 3193 nem
776 3138 877 3210 petere
898 3135 1018 3194 venium
1035 3136 1145 3194 solemus

149 3226 202 3281 eut
231 3243 298 3282 eum
327 3225 518 3300 inprudentes
549 3227 712 3284 erravimus
743 3228 797 3282 aut
826 3241 893 3282 cum
922 3225 1066 3300 compulsi
1091 3237 1144 3297 pee-

148 3313 288 3372 cchmns.
325 3308 376 3387 te’‚
406 3315 507 3388 inquit
535 3309 598 3372 ‘oro
622 3317 665 3387 te,
696 3315 762 3389 quis
790 3314 935 3388 perpulit,
965 3317 1000 3372 ut
1025 3313 1055 3372 id
1081 3328 1146 3369 com-

106 3400 294 3473 remitteres,
326 3402 405 3474 quod
434 3403 608 3477 priusquam
639 3402 763 3474 faceres,
794 3404 911 3477 peteres
938 3405 974 3462 ut
1000 3402 1145 3481 ignoscere·

148 3481 238 3544 tur'?
274 3487 417 3562 scriptum
444 3491 499 3548 hoo
527 3494 573 3548 est
599 3491 632 3548 in
660 3490 738 3549 libro
763 3488 883 3549 Corneli
905 3491 1031 3566 Nepotis
1057 3490 1090 3550 de
1109 3490 1145 3544 in-

147 3569 290 3631 lustribus
314 3576 385 3633 viris
404 3577 486 3636 XIII.
