2534 3908
144 172 189 236 40
327 171 532 226 Grammaticae
553 173 802 226 antevarronianae
821 173 980 242 fragmenta

573 345 614 399 14
639 335 732 420 [337]

212 459 230 516 l.
253 458 312 517 IX.
369 458 514 533 qlittera
544 461 614 517 tunc
638 461 717 516 recte
739 459 870 534 ponitur,
899 478 964 516 cum
988 460 1035 517 illi
1060 461 1166 520 statim

145 566 167 605 u
185 547 288 606 littera
308 553 337 604 et
357 547 418 604 alia
439 546 589 623 quaelibet
607 565 667 604 una
686 547 824 624 pluresve
847 549 964 607 vocales
989 550 1165 608 coniunctae

144 636 256 695 fuerint
283 637 328 694 ita
354 639 389 694 ut
415 655 476 694 una
506 635 623 712 syllaba
650 635 716 711 fiat3
744 639 842 695 cetera
870 657 923 714 per
947 657 962 696 c
986 639 1165 696 scribuntur.

145 727 201 784 hoc
223 725 339 784 Lucilio
364 744 480 801 qnoque
503 725 630 784 videtur.

216 825 292 878 Arm.
314 823 425 878 Cernat.
445 841 489 892 ap.
510 824 631 878 Oatssioil.
653 826 720 880 orili-
736 841 767 892 p.
786 830 849 892 149,
869 831 884 880 1
904 841 1007 888 qlittara
1022 858 1054 866 -·
1070 841 1167 882 videtur.

147 896 221 950 Curi.
237 896 376 950 Valeriae.
392 913 436 964 cp.
451 895 575 959 Cassiod.
595 896 661 950 ibid.
677 913 706 964 p.
723 900 785 961 155,
794 899 832 950 24
851 914 869 964 q
888 897 984 950 littera
1002 900 1070 950 tunc
1089 900 1167 952 recte

144 968 271 1036 ponitur,
296 983 359 1020 cum
382 983 445 1020 eam
469 967 565 1020 statim
588 984 607 1018 u
630 967 727 1020 littera
750 967 876 1034 sequitur
899 969 996 1022 iuncta
1020 985 1083 1022 cum
1108 968 1168 1021 alia

144 1038 235 1092 vocali
254 1037 299 1091 vel
317 1036 461 1091 vocalibus
481 1038 669 1109 [dipthongis]
694 1039 737 1092 ita
755 1040 787 1093 nt
806 1056 891 1092 unam
910 1039 1048 1108 syllabam
1067 1039 1167 1107 faciat,

145 1112 178 1162 ut
198 1109 320 1174 Quirites
339 1109 468 1176 quaestio
487 1110 621 1176 quaerite.
649 1112 743 1164 cetera
760 1126 825 1164 vero
844 1128 895 1178 per
913 1129 928 1164 c
947 1111 1032 1164 scribi
1051 1112 1167 1177 debent,

145 1184 177 1234 ut
197 1181 275 1234 cuius
295 1179 398 1234 Cumae
417 1179 573 1247 etreliqua
592 1180 674 1234 huius
693 1181 778 1236 modi.
807 1199 846 1236 aa
863 1183 928 1237 baec
947 1200 1050 1251 quoque
1069 1191 1168 1237 coatia

145 1251 281 1308 Accium?
317 1253 350 1318 of.
370 1253 434 1306 Aac.
449 1269 480 1322 p.
496 1257 539 1307 32.

218 1347 233 1394 3
252 1340 327 1394 lucio
345 1341 386 1395 oei
404 1339 487 1394 Lutio
505 1341 595 1396 cedda
615 1359 663 1395 em.
683 1341 784 1396 Semler

530 1564 534 1572 ,
575 1493 616 1552 15
641 1487 734 1570 [377]

145 1619 234 1679 lIX.
262 1612 308 1697 [a]
332 1611 411 1696 r[e]:
443 1637 512 1676 non
544 1619 694 1677 multum
723 1611 867 1698 [ab]est,
900 1620 966 1676 hoc
999 1637 1167 1696 cacosyn-

754 1707 880 1767 theton
903 1710 1011 1783 atque
1035 1709 1168 1768 canina

259 1795 288 1855 si
302 1796 429 1873 lingua
444 1795 536 1854 dico:
551 1795 645 1854 nihil
659 1796 701 1854 ad
715 1815 776 1869 me,
788 1791 1091 1874 nomcn†hocilli
1104 1801 1167 1856 est.

223 1895 278 1948 Vel.
299 1895 387 1964 Loay.
413 1912 439 1962 p.
459 1899 535 1960 47,1
564 1895 613 1946 sed
639 1895 663 1947 si
688 1895 741 1948 hoc
768 1897 917 1963 sectentur,
944 1895 1053 1964 possint
1079 1897 1167 1949 etiam

146 1966 296 2035 plerasque
311 1968 496 2019 consonantes
509 1967 537 2019 et
552 1982 646 2019 omnes
662 1965 841 2020 semivocales
856 1984 906 2034 pro
921 1966 1039 2033 syllabis
1053 1983 1166 2035 ponere.

147 2055 212 2090 nam
233 2037 308 2105 apud
322 2037 460 2090 Lucilium
479 2038 509 2090 in
527 2055 609 2102 nono,
629 2037 658 2090 in
673 2054 728 2104 quo
743 2038 777 2091 de
791 2037 894 2092 litteris
914 2039 1050 2106 disputat,
1070 2055 1167 2092 omncs

146 2111 237 2162 vicem
252 2107 424 2177 syllabarum
439 2109 566 2176 implent,
586 2127 649 2162 cum
664 2107 745 2162 dicit:
765 2135 819 2162 r—
829 2123 863 2163 ini
873 2127 911 2163 est.
944 2111 1025 2164 item:
1046 2110 1093 2181 [fr.
1110 2111 1166 2181 16].

148 2182 267 2248 apparet
286 2197 352 2248 ergo
371 2181 441 2233 baec
455 2180 526 2232 nihil
546 2181 623 2234 aliud
643 2196 728 2248 quam
747 2180 839 2234 locum
859 2181 985 2249 syllabae
1004 2184 1100 2235 tenere
1115 2198 1167 2236 nec

147 2254 243 2305 tamen
259 2250 381 2319 syllabas
397 2267 464 2305 esse.
489 2253 523 2318 cs.
534 2252 624 2306 Lucii.
635 2257 686 2306 a2
702 2254 762 2306 Mo.
774 2255 806 2306 de
821 2257 878 2307 iota
891 2269 920 2308 re
934 2255 1166 2323 Mura2,1383q.

221 2348 234 2394 1
256 2356 272 2392 a
292 2356 307 2392 e
326 2340 361 2393 ab
380 2341 440 2394 secl.
457 2341 546 2394 illaria
643 2347 658 2393 a
678 2340 743 2411 hoc]
763 2342 838 2394 enirn
857 2343 966 2409 scripsit
985 2342 1090 2408 Mora;
1108 2359 1166 2396 ccr-

147 2413 284 2481 raptclam
302 2413 412 2482 aiyaaci

578 2549 619 2603 ic
643 2540 736 2623 [373]

149 2673 166 2729 l.
177 2670 236 2729 IX.
263 2689 276 2730 s
294 2672 456 2730 nostrum
471 2673 505 2730 et
519 2672 755 2749 semigraecei
775 2672 867 2748 quod
887 2672 1038 2734 dicimus
1053 2673 1166 2750 sigma

260 2760 313 2817 nil
337 2759 470 2818 erroris
494 2759 601 2818 habet

225 2858 280 2912 Vel.
301 2857 389 2928 Lony.
406 2875 435 2926 p.
451 2863 496 2925 47,
512 2863 529 2912 7
548 2859 621 2930 [posi
639 2862 673 2926 fr.
691 2860 737 2930 15]
757 2860 838 2915 item:
858 2887 916 2915 ι-
931 2876 1006 2916 habet.

222 2953 235 3002 1
257 2947 438 3018 semigraece:
461 2965 508 3002 erra
527 2952 614 3003 Mara
704 2949 812 3004 anihil

218 3065 327 3147 reliquo
346 3063 412 3118 libri
426 3065 475 3118 IX
486 3067 642 3134 fraymeuta
655 3083 694 3118 aa
708 3082 767 3120 vere
782 3066 814 3120 de
827 3083 856 3120 re
869 3067 1051 3136 yrommatico
1064 3069 1167 3128 fuerint

148 3151 290 3190 sacimas.

578 3273 620 3327 17
645 3263 738 3349 [383]

217 3394 236 3452 l.
262 3393 300 3451 X.
363 3394 430 3454 Vita
451 3395 547 3454 Persii
572 3414 604 3469 p.
627 3396 677 3463 59,
692 3397 736 3454 27
759 3386 882 3454 Bacch.8
928 3395 979 3454 sed
1001 3415 1069 3455 mox
1092 3400 1165 3456 uta

151 3482 253 3541 schola
285 3483 495 3560 magistrisque
529 3484 669 3558 devertit,
706 3484 783 3544 lecto
815 3483 914 3542 Lucili
945 3484 1022 3544 libro
1055 3485 1164 3546 decimo

150 3572 340 3631 vehementer
360 3575 476 3634 saturas
496 3591 671 3650 componere
694 3573 836 3633 instituit.
869 3574 953 3633 cuius
971 3574 1041 3633 libri
1059 3577 1164 3652 princi-
