2504 3904
173 181 240 244 530
340 179 547 233 Grammaticae
567 179 670 232 aetatis
689 180 852 248 Augusteae
871 177 1032 247 fragmenta

247 339 314 393 Gall.
336 343 362 404 5,
377 343 436 405 8,1
459 353 507 401 ipse
521 352 633 400 Quirinali
646 371 673 378 -
686 356 772 402 potest?
804 338 890 392 immo
909 339 970 407 ipse
994 338 1119 408 Hyginus
1138 353 1177 407 pt·

173 428 235 462 rnm
259 410 459 463 animadvertit
483 411 523 464 sic
545 410 600 464 hoc
625 426 685 464 esee
709 409 829 476 dictum,
852 411 885 463 nt
907 409 1041 478 pleraque
1064 409 1120 463 dici
1140 427 1179 478 per

174 481 362 536 defectionem
394 481 586 536 defensionem
605 482 695 552 codd]
714 480 813 534 solent.
845 483 935 552 perpet
957 481 1041 536 Gellii
1056 483 1179 548 refutatio.

174 553 267 608 cadem
284 553 341 618 fere
395 554 484 607 atreb.
501 557 527 619 6,
546 557 604 619 8,1
630 556 675 622 (cf.
696 553 768 607 Sero.
789 555 858 607 Aa.
874 557 900 619 1,
920 557 973 617 75).
1001 553 1121 607 delitet
1138 553 1181 608 ce.

175 625 207 678 de
231 625 285 678 etv.
304 629 331 690 1,
355 628 398 678 30.
432 626 507 679 Pzet.
532 625 612 679 Rom.
635 628 681 677 22.
716 625 789 679 sm.
813 625 883 678 Aen.
909 628 935 690 7,
954 629 1018 678 rer.
1048 624 1132 679 cen
1148 622 1184 677 JV

175 701 236 764 450,
254 699 298 750 21.
325 696 488 762 V368,35.

245 939 456 1016 ‘Daedalus
481 944 632 1002 etfama
651 948 718 1018 est,
740 943 885 1020 fugiens
904 943 1042 1003 Minoia
1060 935 1188 1022 regna(

176 1033 411 1110 praepetibus
434 1034 562 1109 pennis
586 1051 693 1092 ansus
712 1051 747 1092 se
767 1034 910 1091 credere
934 1030 1061 1092 eaelo’.
1101 1037 1132 1091 in
1147 1033 1183 1090 his

177 1123 304 1200 Vergilii
327 1122 461 1180 versibus
490 1115 577 1200 [Aca.
600 1116 699 1201 6,14]
728 1122 918 1198 reprehendit
941 1122 1037 1181 Iulius
1060 1122 1184 1200 Hyginus

179 1207 296 1288 ‘pennis
327 1204 535 1287 praepetibus'
573 1212 659 1286 quasi
691 1211 844 1287 inproprie
876 1213 907 1270 et
938 1213 1045 1271 inscite
1078 1213 1184 1270 dictum.

152 1319 256 1359 snam
288 1303 480 1375 praepetes
510 1300 611 1374 inquit
644 1319 725 1358 aves
760 1300 801 1358 ab
840 1301 1039 1377 auguribus
1075 1299 1184 1377 appel·

179 1390 311 1464 lentur,
331 1409 421 1464 quae
440 1391 502 1446 aut
516 1392 718 1464 opportune
737 1390 958 1464 praevolant
971 1393 1034 1448 aut
1052 1390 1183 1448 idoneas

180 1479 280 1538 sedes
309 1480 465 1555 capiunt.
520 1496 581 1535 non
609 1481 678 1558 apte
706 1479 801 1555 igitur
827 1497 915 1537 usum
943 1479 1033 1538 verbo
1063 1477 1183 1557 augurali

181 1569 364 1627 existimavit
381 1569 413 1625 in
428 1567 555 1625 Daedali
573 1568 678 1626 volatu
696 1567 771 1625 nihil
791 1567 830 1625 ad
845 1587 992 1645 angurum
1011 1569 1183 1644 disciplinam

180 1659 357 1732 pertinente.

255 1755 322 1809 (tell.
345 1759 370 1820 7,
390 1760 447 1820 6,1
466 1767 579 1808 Damam
592 1785 619 1794 —
632 1769 761 1819 pertinente.
789 1754 840 1808 aed
856 1755 985 1824 Hyginus
1005 1754 1086 1808 nimis
1103 1749 1182 1806 hercle
1228 1791 1229 1812 ,

181 1827 294 1895 ineptus
313 1826 376 1891 fuit,
396 1843 460 1879 oum
478 1825 547 1892 qnid
565 1828 713 1895 praepetes
732 1829 826 1879 essent
845 1844 874 1880 se
889 1827 960 1880 scire
974 1828 1052 1880 ratur
1066 1827 1113 1890 est,
1126 1823 1182 1876 Ver·

182 1897 282 1967 gilium
301 1900 396 1951 autem
419 1900 447 1950 et
473 1896 520 1950 Cn.
540 1896 660 1950 Matium
686 1897 799 1950 doctum
817 1897 909 1950 virum
927 1899 1079 1968 ignorasse,
1100 1894 1181 1963 quiin

183 1969 305 2023 secundo
325 1968 457 2040 [septimo
483 1969 581 2024 Curato
599 1971 657 2022 coll.
676 1970 715 2022 Il.
738 1973 763 2034 7,
781 1974 835 2024 291
849 1969 901 2041 aa]
928 1969 1026 2022 iliadis
1044 1967 1180 2022 Victoriam

182 2039 323 2096 volucrem
337 2041 500 2109 praepetem
514 2039 669 2108 appellavit
687 2040 716 2092 in
735 2039 788 2094 hoe
801 2057 884 2093 versu
903 2041 997 2112 [FPR
1012 2046 1030 2095 3
1043 2040 1101 2111 B.]:
1116 2037 1179 2089 ‘dun

184 2113 235 2165 dat
253 2111 382 2165 vincendi
405 2127 523 2180 praepes
543 2109 669 2164 Victoria
691 2109 837 2180 palmam'.
874 2115 909 2179 ef.
929 2114 996 2182 Νέᾳ.
1017 2113 1079 2182 lup.
1096 2112 1128 2177 fr.
1144 2113 1179 2162 3⁸.

184 2183 257 2238 Fest.
274 2201 303 2252 p.
323 2186 405 2249 245⁶,
423 2187 468 2238 22.
495 2182 567 2236 Sero.
588 2183 664 2236 Dea.
680 2184 748 2236 Aen.
766 2188 792 2248 6,
806 2187 850 2236 15.
870 2187 896 2250 3,
915 2188 978 2238 246.
998 2187 1101 2249 4,162.
1124 2177 1179 2234 laid.

184 2273 223 2310 or.
238 2259 283 2321 12,
295 2259 319 2321 7,
329 2258 372 2307 77.
402 2255 532 2309 Pedere
545 2253 616 2308 Hor.
636 2271 718 2307 carm.
729 2258 755 2319 3,
765 2258 811 2320 27,
821 2259 864 2308 11.
885 2254 971 2310 0613
984 2255 1004 2306 1
1008 2255 1034 2308 V
1044 2257 1106 2319 269,
1115 2258 1136 2305 5.
1146 2254 1178 2304 53.

644 2397 737 2483 7[4]

253 2511 444 2589 reprehendit
475 2511 614 2588 Hyginus
644 2510 812 2589 Vergilium
844 2515 1100 2588 correcturumque
1127 2527 1178 2568 eun

189 2605 280 2661 firisse
304 2601 462 2675 existimat,
490 2601 569 2675 quod
592 2601 624 2657 in
647 2600 724 2659 libro
748 2603 830 2660 sexto
855 2594 948 2679 [365]
978 2601 1178 2676 scriptumest.

190 2691 350 2750 Palinurus
381 2691 426 2748 est
456 2691 530 2764 aput
560 2689 671 2749 inferos
703 2693 807 2765 petens
837 2688 875 2748 ab
904 2689 1021 2772 Aenea,
1054 2693 1085 2748 ut
1111 2705 1178 2747 suum

190 2799 296 2857 corpus
324 2779 533 2854 requirendum
561 2781 591 2836 et
618 2778 820 2854 sepeliendum
848 2780 938 2837 curet
984 2779 1010 2837 is
1040 2779 1093 2838 hoc
1113 2775 1178 2834 dicit:

161 2866 305 2947 s‘eripe
323 2889 375 2927 me
394 2868 463 2942 his,
485 2868 638 2941 invicte,
656 2867 776 2941 malis,
797 2870 859 2925 aut
876 2870 915 2925 tu
933 2867 1022 2926 mihi
1040 2871 1155 2926 terrun
1170 2855 1180 2936 ς’

188 2962 297 3033 inice,
324 2976 475 3032 namque
497 2959 614 3033 potes,
642 2960 842 3033 portusque
864 2957 1008 3031 require
1032 2947 1176 3015 Velinos'.

190 3068 257 3124 quo
275 3047 378 3123 inquit
395 3046 496 3105 modo
516 3048 578 3104 ant
591 3045 787 3104 Palinurus
805 3047 949 3106 novisse
967 3049 1003 3105 et
1020 3047 1178 3105 nominare
1224 3043 1225 3049 ’

190 3139 311 3212 potuit
340 3138 466 3210 portus
491 3135 634 3193 Velinos
665 3138 727 3193 aut
755 3135 893 3194 Aeneas
924 3154 963 3193 ex
994 3154 1033 3193 eo
1063 3134 1177 3194 nomine

190 3226 306 3282 locum
320 3224 496 3297 invenire,
516 3240 591 3280 enm
606 3222 707 3280 Velia
726 3225 911 3300 oppidum,
930 3243 949 3282 a
963 3243 1032 3299 qno
1050 3227 1178 3300 portam,

152 3309 251 3382 ioqui
280 3311 317 3366 in
341 3329 379 3366 eo
408 3309 486 3369 loco
515 3313 581 3383 est,
606 3311 766 3369 Velinum
794 3312 900 3384 dixit,
932 3311 1059 3372 Servio
1081 3309 1177 3372 Tullio
1223 3288 1224 3331 l

190 3395 319 3462 Romae
347 3400 521 3482 regnante
544 3401 626 3473 post
654 3417 782 3456 annum
806 3401 960 3475 amplius
991 3399 1178 3460 sescentesi-

191 3498 294 3551 mum,
317 3499 420 3552 quam
438 3481 575 3544 Aeneas
598 3489 635 3542 in
653 3486 801 3545 Italiam
824 3490 937 3562 venit,
961 3490 1133 3549 conditum
1151 3489 1176 3544 in

193 3581 277 3636 agro
301 3564 444 3624 Lucano
469 3573 502 3626 et
525 3588 563 3629 eo
592 3576 733 3632 nomine
762 3577 988 3653 appellatum
1013 3577 1087 3637 est?
1117 3593 1175 3635 nan
1222 3561 1223 3613 l
