2442 3902
157 144 223 207 310
306 119 514 198 Grarnmaticae
533 144 636 199 aetatis
655 143 846 199 Varronianae
865 144 1026 214 fragmenta

156 313 284 373 iambico
316 315 411 372 metro
443 315 668 389 praeponuntur
697 315 727 372 et
754 312 789 372 fit
817 331 921 373 versus
951 315 1039 372 talis:
1071 307 1158 390 ‘pater

156 420 239 461 meus
262 403 362 462 dicens
386 401 517 462 docendo
541 403 594 478 qui
617 401 702 462 docet
725 401 799 462 dicit
821 397 949 462 docens'.

228 502 321 556 Diam.
333 519 366 571 ¹p.
383 505 445 568 515,
460 505 478 555 9
496 516 624 556 octonaria·
638 533 665 542 --
679 516 766 556 docens.

228 615 243 661 2
262 625 378 677 propon.
470 613 486 662 3
506 607 601 662 dicens
620 625 668 662 em.
688 625 721 663 ea
740 610 842 663 docens
861 609 937 664 codd.

582 780 649 839 292
672 772 743 858 [rc]

222 879 301 964 <ex>
319 885 448 944 iambico
471 905 581 944 novum
600 904 719 945 carmen
737 887 830 944 refert
844 887 950 961 Varro,
975 887 1059 948 cuius
1078 905 1159 946 erem-

156 975 239 1050 plum
263 976 309 1033 est
330 975 405 1034 talc:
432 969 548 1051 ‘pedem
571 974 803 1050 rhythmumque
826 969 914 1034 finit'.
960 977 987 1036 si
1010 976 1102 1036 addas
1121 975 1159 1032 hio

156 1081 231 1139 quae
256 1063 391 1125 detracta
414 1066 483 1122 sunt
507 1083 541 1122 er
563 1063 700 1140 iambico,
724 1064 849 1123 eundem
872 1064 1032 1123 iambicum
1056 1064 1159 1141 supple-

155 1153 201 1211 bis
224 1153 280 1212 sic:
311 1147 427 1229 ‘pedem
454 1153 686 1229 rhythmumque
709 1154 776 1212 finit
800 1155 862 1212 alta
884 1149 1028 1213 navium'.
1075 1155 1161 1232 potest

129 1242 211 1301 shoc
235 1261 349 1302 comma
376 1243 437 1301 tale
461 1261 524 1302 esse
547 1243 636 1319 quale
659 1243 735 1301 illud
764 1237 844 1322 [Ter.
867 1245 925 1302 hcc.
945 1238 1025 1323 349]
1056 1239 1160 1302 ‘Philu-

155 1350 259 1390 menae
282 1327 420 1405 dolores,
443 1332 523 1407 quod
546 1334 591 1391 est
614 1352 648 1391 ex
672 1333 799 1391 iambico
822 1335 1001 1407 septenario.

227 1431 318 1485 Βίωνι.
334 1447 365 1499 p.
385 1435 449 1498 518,
465 1435 498 1486 14
518 1431 590 1504 (ex)
604 1445 701 1486 iambico
715 1463 742 1471 -
755 1427 887 1495 septenario.

227 1543 296 1590 Iex
309 1555 359 1593 cm.
374 1536 452 1592 codd.
502 1537 703 1593 iambionicum
718 1540 883 1594 Lachmann
955 1538 1065 1608 tphyl.
1081 1538 1159 1592 Paris.

156 1611 228 1663 7493
248 1609 360 1688 Monac.

581 1745 648 1803 293
687 1746 729 1802 77

221 1847 445 1909 Archilochium
467 1849 563 1908 Varro
599 1737 686 1909 illud[
707 1737 781 1910 di]cit
819 1850 897 1926 quod
931 1854 976 1910 est
1006 1852 1084 1911 tale:
1119 1844 1160 1906 ‘ei

153 1938 291 1997 litoribus
314 1942 508 2025 properantes
531 1937 658 2000 navibus
680 1934 843 1999 recedunt'.

227 2038 318 2093 Diom.
336 2055 363 2108 p.
379 2042 491 2105 515,19
512 2050 681 2094 Archilochium
695 2071 722 2078 -
735 2052 849 2094 recedunt.

550 2209 645 2269 *294
670 2200 773 2288 [deest]

221 2315 387 2374 stmotrnae
398 2315 560 2391 qualitates
569 2316 661 2374 variis
676 2315 828 2374 vocabulis
837 2313 1006 2374 trahuntur.
1039 2315 1161 2374 asuen-

154 2403 225 2462 dum
249 2422 365 2479 quoque
390 2407 435 2464 est
458 2423 516 2480 quo
540 2423 688 2480 quamque
711 2423 813 2464 earum
835 2406 954 2462 nomine
979 2405 1160 2480 appellemus.

154 2494 180 2551 si
206 2493 408 2568 paenultimus
438 2495 530 2552 fuerit
559 2493 740 2570 pyrrichius,
773 2495 885 2569 optime
915 2493 1047 2554 succedit
1075 2510 1161 2570 paeon

152 2579 275 2656 primus,
303 2584 333 2641 et
356 2584 413 2642 erit
436 2585 587 2642 structura
610 2581 770 2658 quadrata3
800 2585 826 2642 si
848 2582 1053 2659 paenultimus
1080 2581 1161 2640 fuerit

127 2670 301 2746 sspondeus
334 2675 365 2732 et
397 2673 571 2731 successerit
606 2671 774 2748 tribrachys
810 2673 858 2732 vel
894 2671 1078 2748 pyrrichius,
1113 2669 1161 2728 erit

154 2762 304 2819 structura
327 2761 435 2835 incisa3
459 2763 485 2820 si
508 2761 708 2837 paenultimus
731 2761 824 2820 fuerit
845 2761 1014 2838 tribrachys
1032 2762 1081 2820 rel
1100 2779 1160 2836 pyr·

152 2850 264 2908 richius
288 2852 318 2909 et
340 2869 468 2926 paeones
492 2852 685 2911 successerint
707 2853 820 2926 primus
845 2853 875 2908 et
896 2852 1086 2925 novissimus,
1113 2849 1161 2908 orit

154 2941 279 3015 antiqua
307 2943 466 3014 structure,
494 2959 571 3016 quac
599 2941 709 2998 dicitur
737 2939 922 3018 confragosa,
949 2959 1010 3016 qua
1032 2959 1102 2999 usus
1123 2942 1159 2996 ost

154 3026 243 3103 Oat03
271 3031 297 3087 si
319 3029 351 3088 in
373 3031 558 3106 paenultimo
582 3029 749 3105 tribrachys
777 3029 868 3088 fucat
890 3029 938 3089 vel
962 3029 1098 3105 dactylus
1120 3026 1159 3086 vel

114 3137 139 3178 ιο
153 3117 321 3193 pyrrichius
352 3122 382 3177 et
409 3121 584 3179 successerit
610 3120 659 3178 rel
688 3119 855 3195 tribrachys
878 3119 926 3177 rel
953 3120 1097 3178 molossus
1119 3114 1159 3178 vel

153 3206 321 3292 pyrrichius
345 3210 397 3268 veh
417 3211 604 3284 anapaestus,
633 3211 689 3268 erit
713 3210 863 3268 structura
887 3226 964 3284 quae
986 3209 1035 3268 vel
1058 3207 1159 3267 delum·

153 3296 200 3354 bis
218 3297 266 3355 vel
288 3298 368 3356 fluxa
387 3300 435 3357 vel
457 3287 557 3357 mollis
578 3298 696 3372 dicitur,
720 3317 780 3373 qua
799 3317 870 3357 usus
894 3295 1004 3356 dicitur
1021 3297 1159 3357 Antonius

153 3402 256 3443 maror.

226 3480 318 3536 Diem.
334 3499 363 3550 p.
379 3487 441 3549 471,
457 3487 491 3537 31
509 3501 632 3538 armerum
645 3515 672 3524 -
685 3496 798 3538 Ananim
810 3499 888 3540 maior.
916 3485 950 3552 cs.
970 3487 1009 3542 id.
1022 3503 1051 3555 p.
1065 3489 1125 3550 468,
1138 3489 1157 3538 1.

157 3551 233 3604 Mar.
256 3552 327 3608 Plot.
351 3554 411 3608 Soc.
426 3570 455 3623 p.
471 3557 534 3621 492,
548 3559 593 3610 27.
629 3554 724 3624 Rufio.
740 3573 770 3627 p.
786 3560 850 3625 567,
865 3561 946 3626 30sq.
979 3558 1079 3629 froya.
1098 3555 1156 3612 Bet.

127 3860 563 3868 ——-=——-—-
