2442 3902
388 181 444 235 Ser.
465 181 607 251 Sulpicius
625 181 716 234 Rufus
996 171 1063 245 425

421 343 685 444 mmmm

113 476 233 535 Servius
254 475 402 552 Sulpicius
420 471 560 553 <nomine
584 471 697 552 et>iam
720 476 914 554 singulariter
933 477 1063 534 formato

48 565 208 624 vindiciam
238 583 301 624 esse
325 567 369 624 ait
391 561 524 642 <dietam
547 560 629 641 q>ua
658 565 693 622 de
721 584 752 623 re
776 565 980 625 controversia
1011 568 1063 640 est,

51 655 87 713 sb
115 674 155 714 eo
177 655 257 730 quod
279 653 456 713 vindicatur.
502 648 613 732 (inde)
636 656 666 712 et
689 655 720 712 in
743 653 802 712 XII
826 647 890 733 [12,
907 648 994 732 48.];
1027 648 1065 712 ‘si

48 737 211 802 vindiciam
237 742 346 802 falsam
372 743 445 824 tulit
472 745 534 801 sive
561 743 626 802 litis
651 788 657 801 .
682 789 688 800 .
713 789 718 800 .
743 738 908 820 <prae>tor
936 741 1065 802 arbitros

47 835 101 892 tn's
129 832 213 906 dato,
244 851 343 891 eorum
372 833 496 891 arbitrio
522 877 527 890 .
552 880 558 892 .
584 877 590 890 .
614 833 728 891 smotus
757 832 899 907 duplione
924 830 1092 891 damnums

49 917 199 980 decidito'.

118 1021 193 1074 Feat.
207 1037 238 1089 p.
254 1023 335 1086 37602,
348 1023 386 1074 23
409 1019 444 1072 de
463 1034 518 1086 quo
536 1018 621 1073 verbo
645 1018 798 1090 [vindiciis]
825 1017 937 1073 Cincius
961 1019 1001 1072 sie
1025 1019 1067 1071 ait

49 1091 94 1162 [fr.
109 1091 166 1162 30].
192 1095 223 1162 at
240 1104 330 1146 Servius
342 1123 369 1130 -
382 1104 487 1147 cecina.
514 1091 601 1145 boam
620 1091 652 1144 de
671 1093 740 1146 XII
759 1091 814 1152 tub.
833 1097 928 1145 contra
946 1091 1066 1145 otiorum

50 1165 210 1217 sententiam*
225 1165 257 1216 in
275 1162 397 1231 Sulpicii
411 1169 563 1258 conuictum
581 1164 676 1232 recepi.
703 1163 737 1229 ef.
752 1168 788 1228 ἵν.
803 1168 828 1216 4.

120 1276 133 1323 1
154 1287 181 1322 n.
199 1272 227 1322 et
245 1269 334 1338 suppl.
350 1269 421 1324 caaz.
495 1275 510 1322 2
530 1268 597 1322 dict.
612 1271 701 1338 suppl.
718 1269 821 1324 Setoell
899 1273 914 1320 3
933 1268 999 1322 inde
1019 1284 1066 1338 epo

52 1345 65 1391 4
84 1341 106 1393 si
125 1339 196 1394 velit
215 1341 239 1393 is
325 1346 341 1393 ὁ
361 1340 479 1394 arbitiio
498 1358 538 1410 oy.
559 1340 596 1393 -ii
615 1343 672 1394 cod.

417 1520 699 1605 &mmm

116 1649 232 1709 duobus
251 1650 399 1728 negativis
414 1650 513 1709 verbis
528 1651 614 1725 quasi
632 1653 782 1727 permittit
799 1651 846 1708 lex
864 1650 961 1727 magis
977 1669 1068 1725 quam

55 1739 215 1813 prohibuit,
237 1739 327 1814 idque
351 1740 442 1799 etiam
466 1738 586 1798 Servius
610 1739 831 1798 animadvertit.

119 1838 188 1908 Dip.
205 1841 248 1903 50,
263 1842 307 1904 16,
321 1841 378 1892 237
396 1837 472 1890 idem
491 1837 606 1909 [Gaius]
620 1836 692 1891 libro
712 1837 810 1906 quinto
830 1838 867 1891 ad
884 1838 977 1907 legem
998 1837 1066 1891 duo·

54 1907 139 1960 decim
157 1907 331 1963 tabularum:
351 1923 439 1963 duobus
451 1941 479 1948 -
493 1923 656 1963 animadvertit.

503 2167 617 2220 DUBIA

426 2321 467 2376 14
497 2312 545 2397 [p.
565 2320 640 2387 241,
656 2311 690 2396 3]

118 2441 239 2501 Servius
281 2439 430 2518 Sulpicius
471 2443 647 2520 religionem
689 2460 751 2502 esse
792 2442 903 2501 dictam
942 2441 1071 2500 tradidit

56 2547 128 2603 quae
155 2533 279 2606 propter
305 2531 495 2590 sanctitatem
525 2532 657 2606 aliquam
686 2536 801 2590 remota
830 2549 864 2588 ac
892 2533 1023 2606 seposita
1050 2549 1069 2588 a
1092 2555 1094 2560 ·

55 2619 136 2678 nobis
160 2619 209 2694 sit,
239 2620 326 2695 quasi
350 2640 368 2679 a
390 2620 582 2696 relinquendo
607 2620 700 2693 diota,
729 2624 762 2678 ut
786 2639 804 2678 a
827 2619 952 2678 carendo
977 2620 1067 2704 caeni·

55 2726 158 2766 monia,
845 2721 849 2731 ¹
1059 2718 1061 2724 '

123 2807 248 2862 Matrob.
264 2811 290 2874 3,
305 2811 364 2874 3‚8
388 2821 477 2862 Servius
500 2840 527 2847 -
547 2822 689 2862 caerimonia.
728 2809 795 2862 Gell.
811 2813 837 2874 4,
852 2811 878 2874 9,
893 2811 911 2860 8
929 2806 1069 2860 Masurius

56 2881 146 2930 autem
166 2877 286 2932 Sabinus
305 2878 335 2931 in
354 2879 575 2944 commentariis,
594 2896 664 2946 qnos
684 2880 718 2932 de
738 2879 879 2948 indigenis
899 2878 1069 2948 composuit:

58 2947 239 3018 ‘religiosum’
255 2950 349 3018 inquit
359 2950 414 3004 ‘est
428 2951 503 3018 quod
516 2953 633 3019 propter
647 2951 826 3004 sanctitatem
841 2951 966 3019 aliquam
980 2955 1070 3003 remo-

56 3019 111 3072 tum
131 3037 164 3076 oc
183 3022 335 3090 sepositum
354 3039 372 3074 a
390 3021 471 3075 nobis
491 3025 545 3088 est3
568 3021 686 3074 verbum
709 3038 727 3074 a
751 3022 933 3089 relinquendo
953 3021 1069 3088 dietum,

56 3091 196 3160 tamquam
215 3092 402 3146 caerimoniae
422 3110 438 3145 a
457 3093 598 3147 carendo'.
635 3094 669 3159 cf.
690 3094 764 3147 Non.
784 3111 815 3162 p.
834 3097 898 3160 432,
911 3099 937 3148 4.
977 3092 1074 3164 Grona-

58 3162 117 3216 Lat.
127 3165 198 3230 123,
207 3167 253 3218 21.
271 3166 389 3234 Aliquot
399 3172 462 3219 retr.
472 3167 500 3230 2,
510 3168 554 3218 37.
574 3165 642 3219 Isiu.
653 3182 691 3218 or.
702 3169 728 3231 6,
738 3169 782 3230 19,
793 3168 836 3219 36.
857 3165 943 3220 0613
956 3165 1001 3218 VI
1007 3168 1069 3218 163.
1094 3163 1096 3166 ’

59 3234 194 3289 Macrobii
215 3238 404 3290 concitatam
425 3235 531 3290 Gellius
553 3237 585 3290 ia
603 3237 717 3290 cleobium
734 3243 853 3302 revocat,
872 3253 957 3305 aequa
980 3241 1071 3290 tomen

58 3311 113 3360 aar
138 3324 217 3362 oms
242 3309 418 3377 etymologiae
445 3313 540 3362 nudor
567 3308 616 3373 sit,
644 3307 818 3376 Sulpicium
846 3325 885 3361 osu
913 3308 1071 3373 Masurius,

57 3383 122 3432 erto
139 3379 196 3432 diei
209 3383 300 3448 potest
322 3379 367 3448 (ef.
387 3379 582 3445 Kretssohmer,
601 3379 633 3432 de
654 3378 723 3433 Gall.
736 3380 805 3445 fuat.
820 3397 850 3448 p.
869 3382 904 3432 79
927 3386 953 3433 et
974 3385 1073 3433 coam*

60 3448 180 3516 ntuetr,
219 3449 371 3518 Quellealcr.
398 3450 423 3504 d.
448 3451 503 3521 Ny.
527 3451 554 3503 d.
573 3451 649 3504 Plio.
671 3467 702 3518 p.
722 3454 776 3504 163
802 3451 867 3504 aon.
888 3453 922 3518 1).
955 3451 1071 3517 sonasse

58 3524 141 3575 wesen
160 3523 310 3576 Maenalus
327 3521 482 3590 Saunium
505 3523 648 3590 assmpsit
670 3538 813 3590 eorumque
834 3524 949 3576 manino
967 3523 1069 3580 umus·

59 3606 104 3657 que
116 3600 183 3648 recta
197 3593 314 3662 prodita
327 3598 399 3648 suat.
437 3593 546 3661 aliquid
558 3593 646 3647 simile
660 3599 699 3646 est
711 3610 756 3661 ap.
773 3593 878 3647 Gaffiot.
893 3595 929 3660 fr.
940 3596 958 3647 3
971 3599 997 3646 et
1011 3593 1069 3645 nez.
