2442 3902
159 153 225 224 Ι288
310 160 515 215 Grammatioae
535 123 846 278 aetatia›Varrouiauae
866 160 1026 231 fragmenta

160 347 216 404 que
235 313 448 404 pronuntiatur
465 297 492 389 bi
510 281 669 403 easvvuiet,
693 330 724 387 et
743 331 843 406 potius
867 329 926 388 diei
948 334 1072 406 oportet
1094 323 1166 406 ‘legi’

160 437 250 493 quam
269 413 361 494 ‘diost
380 422 484 478 eontra
503 437 552 478 eas
570 413 639 496 <ai>
657 419 774 477 litteras
792 438 851 478 nou
871 415 995 494 speota‘t.
1029 413 1061 477 ‘a
1080 419 1166 495 eapite

158 500 291 583 dempta'
316 507 368 583 qui
391 510 508 581 vocant,
530 508 609 566 male
632 507 796 583 appellant,
821 507 901 583 quod
924 510 994 566 sunt
1016 508 1055 566 de
1079 510 1166 584 eapite

119 615 146 654 eo
159 595 290 672 dempta,
316 616 376 655 non
400 616 418 656 a
442 599 547 673 eapite.
595 592 645 654 ‘ad
668 601 760 672 caput
783 592 929 655 additum'
953 600 1035 655 reete
1059 597 1166 661 dieitur.
1207 601 1208 634 ³

159 688 185 744 ai
204 690 249 744 eat
268 688 352 744 extra
370 689 460 760 eaput
479 685 559 761 quod
578 685 706 745 additur.
744 686 796 762 qui
809 685 1028 745 transscribunt
1047 686 1167 756 tabulas,

158 794 219 834 non
241 773 422 847 describunt,
450 775 501 834 aed
524 776 706 850 exscribunt3
737 776 791 850 qui
814 774 916 849 quales
944 776 1006 833 sint
1034 775 1166 844 scribunt,

158 863 182 921 ii
208 863 389 923 describunt.
436 883 454 922 a
481 882 587 924 scaena
614 866 697 923 venit
724 866 882 940 spectator,
914 884 929 922 e
958 882 1067 923 scaena
1093 867 1167 922 venit

159 954 213 1028 qui
236 952 312 1030 egit,
337 956 441 1011 eontra
464 955 614 1029 spectator
637 973 652 1011 e
675 952 803 1027 theatro,
826 971 845 1010 a
867 953 986 1012 theatro
1010 956 1103 1012 actor.
1137 953 1166 1008 de

51 1075 55 1098 ι
119 1061 144 1100 ea
159 1060 266 1100 scaena
284 1042 419 1117 loquitur
437 1042 488 1118 qui
510 1041 545 1100 de
565 1061 608 1115 ea,
631 1043 705 1100 bene
724 1061 762 1100 an
780 1041 859 1100 male
881 1044 988 1100 ornata
1007 1044 1057 1115 sit,
1080 1042 1165 1117 loqui-

158 1136 215 1188 tur.
253 1131 284 1188 in
304 1149 411 1190 scaena
430 1133 608 1207 pronuntiat
625 1127 764 1209 <aetor>3
788 1131 839 1206 qui
862 1130 919 1190 hoc
937 1131 1016 1189 idem
1035 1131 1165 1190 subtilius

158 1219 224 1277 vult
247 1220 355 1294 dinero,
386 1239 445 1278 non
468 1215 542 1298 (in)
565 1238 685 1294 soaena,
715 1220 766 1279 sed
793 1239 847 1296 pro
870 1238 977 1278 scaena
1005 1219 1081 1279 dioit
1107 1238 1164 1296 pro·

158 1309 296 1366 nuntiare
329 1311 473 1384 actorem,
507 1329 576 1367 nam
608 1327 715 1368 scaena
747 1308 896 1386 signifieat
928 1327 1034 1386 graece
1063 1309 1164 1369 domus.
1208 1363 1209 1386 2

159 1417 175 1456 o
203 1416 309 1457 soaena
340 1402 422 1457 autor
453 1401 526 1471 exit,
562 1401 645 1456 venit
673 1400 705 1456 in
737 1398 888 1473 pulpitum
916 1417 951 1456 ao
979 1398 1165 1468 vestibulum,

119 1507 145 1548 ao
159 1483 256 1564 (pro)
284 1505 390 1546 soaena
419 1488 521 1564 itaque
552 1491 635 1546 aotor
662 1490 715 1547 est.
766 1506 832 1546 oum
860 1507 894 1546 eo
922 1488 1019 1561 venit,
1050 1487 1165 1545 dicimus

158 1576 290 1652 prodire,
328 1577 380 1652 qui
412 1576 499 1635 domo
532 1577 647 1636 excedit
679 1577 850 1652 proaedere,
887 1577 940 1651 qui
969 1596 1005 1635 ex
1037 1596 1073 1636 ea
1102 1573 1165 1651 quid

159 1666 242 1724 duait
269 1666 439 1740 producere.
487 1660 557 1740 ‘pro
580 1661 700 1724 rostn's'
732 1666 793 1724 dioi
823 1668 954 1741 oportet,
983 1685 1053 1724 oum
1074 1669 1099 1724 is
1121 1663 1165 1740 qui

160 1755 352 1813 contionatur
378 1757 416 1812 iis
440 1754 526 1828 dicit,
555 1755 606 1830 qui
630 1757 699 1813 ante
726 1758 825 1813 rostra
853 1757 934 1828 sunt,
964 1774 1019 1830 pro
1043 1757 1120 1814 enim
1140 1759 1165 1810 et

160 1847 228 1902 ante
255 1843 334 1902 idam
362 1846 438 1903 sunt.
484 1845 516 1901 in
543 1848 642 1903 rostra
668 1844 815 1917 aseendit,
843 1845 987 1903 orostris
1015 1843 1165 1912 deseendit,

120 1951 145 1994 ιι
161 1933 196 1991 de
218 1932 323 1994 rostris
342 1932 416 1991 dioit
438 1933 491 2008 qni
515 1951 550 1992 ea
573 1935 657 1992 ouius
680 1932 761 1992 modi
785 1935 845 1992 sint
868 1933 949 1991 dicit.
986 1933 1019 1990 in
1037 1935 1164 1992 contione

160 2024 230 2096 stat,
253 2041 268 2080 e
292 2023 430 2081 contione
453 2025 543 2096 venit,
572 2023 608 2080 de
632 2024 768 2080 contione
791 2021 872 2080 dieit.
919 2022 1087 2081 inscribunt
1108 2021 1164 2096 qui-

159 2110 228 2169 dam
252 2106 382 2169 ‘litterae
406 2111 495 2170 datae
518 2131 533 2169 e
558 2107 678 2187 Gallia',
701 2114 774 2170 item
798 2106 927 2186 ‘Roma',
950 2111 1066 2170 vitiose.
1103 2129 1163 2168 narn
1209 2143 1210 2190 ι

159 2200 218 2258 diei
241 2203 360 2276 oportet
378 2194 421 2259 ‘in
445 2195 556 2258 Gallia’
576 2203 607 2258 ot
631 2195 774 2259 ‘Romae'.
811 2200 922 2259 dantur
944 2202 1024 2258 enim
1046 2202 1078 2258 in
1099 2201 1164 2270 loeo,

159 2288 325 2348 afferrmtur
348 2308 363 2346 e
385 2288 460 2362 loeo,
484 2291 620 2364 sequitur
642 2293 676 2347 ut
699 2289 807 2348 dentur
828 2291 860 2346 in
880 2288 980 2348 Gallia
1002 2292 1034 2347 et
1054 2289 1164 2347 Romae.

233 2422 291 2477 Ter.
311 2422 407 2476 Scaur.
422 2427 514 2492 1229,
529 2428 546 2477 3
563 2447 669 2485 pero-
682 2436 745 2476 feres.
774 2421 824 2475 tiulfi
843 2421 884 2476 sic
907 2421 990 2493 [alibi
1009 2441 1031 2476 8.
1051 2422 1165 2491 Usener]:

158 2494 288 2561 quotiens
313 2511 332 2546 u
359 2493 493 2560 sequitur,
518 2511 537 2562 q
561 2493 723 2562 ponendum
748 2494 781 2546 ut
803 2509 854 2561 per
876 2509 932 2560 quo
955 2492 1067 2548 litterae
1091 2494 1166 2566 [·ram

158 2565 248 2636 coda]
268 2565 411 2632 ‘mequom
428 2568 543 2633 tequom
562 2565 662 2632 quoius
678 2563 804 2632 quolum’
826 2564 951 2635 [quoitus
966 2565 1064 2633 quolffi
1077 2567 1166 2622 omaro

158 2639 274 2704 tequom
283 2637 367 2691 Bora.
383 2638 498 2703 quottue
508 2635 620 2706 quolme
630 2636 719 2707 Pap
739 2638 770 2688 at
783 2636 914 2704 quotienr
929 2639 1040 2691 oeterao
1054 2637 1166 2696 vocales,

158 2707 188 2760 id
202 2710 245 2761 eat
259 2724 275 2761 e
289 2724 305 2761 o
320 2707 383 2780 (i),
398 2707 596 2776 oponendum,
615 2709 648 2776 ut
663 2707 779 2761 ‘cecidit
788 2705 932 2762 Comeliua
947 2708 1074 2763 citatua’.
1102 2723 1167 2761 vano

158 2811 185 2819 -
198 2797 221 2834 et
234 2793 325 2834 nomae,
353 2778 430 2851 <ex>
444 2779 616 2847 praepositio
634 2795 691 2833 non
709 2795 863 2847 numquam
876 2794 927 2847 per
945 2795 1032 2833 unam
1049 2779 1166 2834 litteram

159 2849 299 2918 scribitur,
315 2851 363 2904 aed
377 2867 428 2918 per
441 2850 670 2917 deminutionem,
684 2850 717 2902 ut
731 2849 821 2904 ebibit
834 2867 885 2920 pro
900 2850 1016 2904 exbibit.
1040 2851 1077 2904 ab
1087 2851 1167 2904 Rome

158 2921 240 2992 venio
262 2919 436 2991 πλεονασμός
458 2923 501 2975 eet
525 2938 575 2989 pro
594 2921 690 2975 Roma.
735 2923 769 2987 of.
796 2922 884 2992 Caper
902 2922 970 2976 ortt.
985 2939 1016 2991 p.
1036 2926 1099 2989 104,
1113 2927 1166 2987 tao.

158 2999 253 3048 contra
271 2993 483 3047 Laotmaaaam
501 2993 622 3062 (haeret.
636 3011 666 3062 p.
682 2997 745 3060 186)
764 2999 790 3047 et
808 2993 1023 3048 Wilmaaaeiam
1046 2997 1086 3063 (p.
1101 2997 1167 3058 113),

164 3064 310 3118 Uaeaeram
333 3065 365 3118 ia
387 3071 444 3120 tota
466 3065 522 3131 sere
547 3064 649 3118 Scauri
670 3065 856 3133 dibpawtioao
880 3065 1001 3119 Varroni
1027 3063 1168 3120 mouenda

157 3142 263 3190 secatae
285 3152 346 3189 aum
373 3136 436 3204 (Ra.
459 3136 921 3206 Maa.24.1869p.94aq.102)
948 3137 1057 3192 collatio
1074 3136 1166 3204 freon

158 3208 291 3262 Parisino
320 3206 413 3261 OGK
432 3206 495 3260 VII
513 3210 561 3272 34,
583 3211 642 3275 inq.
675 3213 701 3261 et
728 3207 857 3262 Dositheo
876 3225 906 3276 p.
926 3211 1048 3273 417,10
1083 3205 1166 3278 (Beda

153 3295 184 3346 p.
202 3281 318 3362 ‚²⁶3’.3)’
347 3279 445 3347 eabae
469 3278 541 3360 odite
563 3279 669 3360 Diem.¹
679 3294 708 3346 p.
732 3282 794 3345 414,
808 3282 852 3334 32.
899 3278 979 3332 Otar.
1004 3296 1033 3347 p.
1052 3281 1167 3360 20112.

158 3349 1167 3489 gfflpffi’Vffimffilgzassxaffilzambwmtb‘remwffffl

159 3488 303 3542 dedaeimt.
340 3490 383 3542 tis
408 3496 498 3544 autem
523 3491 603 3544 retae
628 3491 720 3558 aptior
744 3493 812 3546 liber
827 3493 854 3546 V
867 3493 912 3546 Da
929 3508 1008 3547 aem.
1032 3494 1096 3548 Lat.
1118 3507 1166 3546 eane

158 3557 274 3622 videtur,
292 3575 375 3624 qaam
392 3560 617 3628 Disciplinarum
635 3563 659 3616 Ι.
