2534 3908
522 169 549 223 O.
569 169 693 224 Lucilius
1076 168 1118 232 39

168 332 258 385 Mart.
276 331 343 400 Gap.
359 335 385 396 3,
399 333 456 384 266
474 329 598 384 Lucilius
612 329 643 383 in
663 329 757 385 dativo
778 346 843 383 casu
864 332 953 384 aete
973 329 1120 400 coniungit

86 400 191 456 dicens
212 418 234 456 n.
249 417 273 455 r.
288 415 313 456 0.
327 407 345 468 †
359 416 383 454 a.
404 418 420 454 a
444 404 473 454 et
496 402 506 454 i
530 403 558 455 et
581 401 726 455 Lucretius
751 401 846 456 crebro
870 404 899 454 et
922 404 1017 456 noster
1040 400 1119 454 Maro

88 473 189 526 ‘aurai
213 473 324 542 pictai'.
367 474 421 527 Vel.
446 474 533 544 Loap.
551 490 580 542 p.
596 477 640 538 57,
654 476 692 527 20
717 471 789 526 illud
815 472 901 526 etiam
926 472 1119 528 adnotandum

87 545 170 598 circe
194 545 205 598 i
228 544 356 600 litteram
379 547 435 611 est,
459 545 534 612 qnod
557 559 592 598 ea
610 560 683 611 quae
702 561 752 598 nos
771 559 822 613 per
841 561 874 597 ae
893 545 1004 612 antiqui
1022 560 1073 612 per
1091 545 1120 597 ai

87 615 329 684 scriptitaverunt
349 615 455 669 ‘Iuliai'
476 614 640 669 ‘Claudiai'.
674 615 723 668 sed
748 619 776 669 et
795 615 911 682 quidam
930 616 959 668 in
979 615 1032 670 hac
1051 632 1118 682 quo-

89 703 148 753 que
168 688 324 756 scriptione
343 686 490 742 voluerunt
509 702 569 741 essa
589 685 790 752 differentiam,
813 689 845 740 ut
868 685 985 755 pluralis
1005 687 1119 754 quidem

88 758 206 811 numeri
224 759 414 813 nominativus
434 775 514 812 casus
528 775 579 827 per
593 775 610 812 a
624 761 653 812 et
668 773 683 811 e
698 758 874 825 scriberetur,
893 759 1040 828 genetivus
1055 774 1119 812 vero

90 829 249 900 singularis
268 846 320 898 per
338 846 355 883 a
373 833 401 883 et
420 829 438 884 i.
474 836 648 900 praeceptam
667 829 774 884 Lucilii
792 831 822 883 r'rr
841 831 958 885 tenebris
981 831 1060 896 latet;
1083 831 1118 897 cf.

90 907 187 955 toraca
208 903 274 973 Nip.
296 901 360 974 Fr'p.
379 904 415 970 fr.
431 907 474 968 11,
493 903 542 970 qui
559 902 675 968 fortusse
693 917 791 956 rursm
809 919 822 961 e
841 901 953 956 [amris
967 901 1075 971 pendet.

166 990 327 1063 (quando)
346 990 373 1045 h.
394 989 492 1062 (iste)
511 990 541 1044 T.
558 989 630 1062 (et)
650 989 681 1044 Ο.
695 989 809 1044 Licinus
829 989 923 1062 (dat)
942 991 1011 1046 corsi.
1030 991 1120 1045 Mara

91 1063 250 1116 terrentiae
339 1061 453 1116 licinius
472 1063 513 1116 ccl
533 1062 655 1115 lucinius

528 1217 571 1272 12
595 1207 688 1292 [375]

93 1321 112 1376 l.
130 1321 193 1379 IX.
635 1324 745 1396 atque
769 1339 957 1379 accurrere
980 1320 1119 1380 scribas

233 1409 298 1468 dne
314 1429 357 1468 an
371 1430 400 1484 c,
415 1430 484 1469 non
499 1412 554 1469 est
569 1410 662 1486 quod
676 1428 828 1486 quaeras
843 1413 951 1486 atque
965 1410 1118 1470 labores.

173 1509 229 1562 Vel.
245 1507 334 1579 Loaq.
347 1527 376 1577 p.
392 1514 436 1574 61,
447 1514 482 1564 14
500 1509 540 1562 sic
559 1509 589 1562 in
608 1508 652 1561 his
671 1507 800 1576 partibus
820 1508 964 1576 orationis,
984 1525 1057 1576 quac
1075 1509 1117 1562 in-

97 1579 209 1646 cipiunt
228 1594 246 1632 e
264 1578 361 1632 littera
376 1597 398 1647 c,
417 1598 473 1634 non
492 1579 577 1634 facilc
595 1582 689 1648 potest
708 1579 762 1634 hac
780 1580 989 1648 praepositione
1004 1581 1119 1636 admota

96 1666 197 1704 sonare
217 1650 236 1703 d
254 1650 357 1704 littera.
395 1652 465 1706 haec
488 1650 618 1705 similiter
639 1649 737 1704 littera
760 1651 920 1720 geminatur
941 1652 971 1705 in
991 1667 1023 1705 eo
1043 1653 1118 1720 quod

97 1724 138 1774 est
161 1721 246 1790 capio
270 1722 391 1790 accipio;
413 1722 511 1791 itaque
529 1723 653 1777 Lucilius
675 1740 742 1785 atque
761 1755 794 1762 -
813 1738 907 1777 aroma.
934 1722 984 1776 ille
1003 1724 1118 1791 quidem

96 1809 151 1846 non
174 1793 288 1862 putavit
311 1794 446 1848 interesse
469 1795 631 1863 scripturae.
669 1795 702 1848 de
725 1795 898 1849 collocatione
915 1796 999 1849 baias
1017 1796 1116 1866 srapm.

97 1881 156 1918 eum
181 1881 226 1919 res
251 1871 310 1919 tam
340 1866 432 1920 Velius
457 1867 571 1937 Loaqrre
593 1873 690 1920 auctor
713 1865 757 1935 (cf.
783 1866 927 1935 superiora
951 1867 1117 1939 frcyrreato)

98 1953 202 1990 ornnem
220 1937 417 1992 dubitationem
435 1943 576 1992 removeat.

169 2024 324 2079 lscribes:
343 2043 391 2081 erra
410 2028 530 2082 IDorrea
603 2025 689 2098 soll
762 2029 831 2093 quot
903 2027 1000 2098 atque]
1016 2042 1118 2094 aeque:

99 2113 166 2164 eque
187 2098 278 2151 Marc
1079 2121 1082 2128 ’

515 2197 578 2254 120¹
603 2189 697 2274 [err]

98 2303 115 2360 l.
131 2302 193 2360 IX.
235 2334 307 2360 .oo
325 2297 545 2380 abbi<be>ror
569 2321 636 2361 non
656 2303 808 2361 multum
827 2306 881 2362 est
900 2303 919 2361 d
939 2305 1008 2362 siet
1028 2323 1070 2362 an
1089 2303 1117 2362 b.

174 2401 229 2454 Vel.
249 2401 339 2471 Loaq.
379 2441 384 2452 .
406 2404 503 2467 62,18
521 2399 655 2456 abhibere
674 2401 784 2472 [abbire
803 2400 873 2471 cca]
892 2401 979 2456 etiam
1001 2402 1118 2469 quidam

98 2470 279 2542 geminatab
305 2489 334 2524 m
363 2474 465 2526 uerunt
489 2475 517 2525 et
540 2473 634 2526 dicere
657 2481 686 2526 et
710 2473 830 2526 scribere
853 2473 1013 2526 intermissa
1033 2473 1063 2541 d,
1088 2476 1118 2528 et

99 2543 170 2614 (in)
196 2541 249 2596 hoc
273 2541 380 2597 nullam
404 2542 593 2598 differentiam
611 2546 695 2612 putat
715 2560 775 2597 asse
794 2543 918 2597 Lucilius
938 2545 986 2612 qui
1006 2546 1059 2598 ait:
1079 2561 1118 2600 ab·

96 2629 174 2668 aum
194 2645 228 2654 -
248 2639 278 2668 an
295 2629 317 2668 s.
348 2615 380 2669 de
397 2616 572 2671 collocatione
591 2616 625 2681 cf.
645 2615 734 2681 fr.12

169 2701 280 2757 abbire:
300 2702 480 2776 abbi<be>ro
498 2706 596 2774 carpsi
614 2703 806 2777 abbi<be>rs:
827 2703 917 2776 (hic)
937 2705 1027 2759 Marx

525 2858 567 2913 13
591 2848 685 2934 [381]

100 2962 116 3036 1,
132 2961 191 3020 IX.
233 2961 471 3038 pelliciendo,
487 2962 581 3038 quod
595 2965 648 3021 est
666 2961 903 3037 inducendus,
923 2962 1083 3040 geminat
1095 2963 1115 3020 1,

172 3060 226 3114 Vel,
244 3061 332 3130 Loap.
344 3078 373 3129 p.
385 3065 472 3126 65,11
490 3061 561 3129 ‘per’
577 3077 642 3115 vero
653 3061 825 3129 praepositio
840 3061 969 3114 omnibus
980 3059 1116 3143 <vocibus

100 3133 159 3197 sort.
179 3129 268 3202 aad.)
288 3130 399 3202 integra
417 3133 607 3200 praeponitur,
627 3133 682 3185 nisi
702 3149 765 3186 cum
783 3131 885 3186 incidit
904 3133 934 3184 in
952 3131 963 3184 l
981 3131 1115 3198 lrtteram,

102 3203 217 3256 adfinem
232 3205 440 3271 consonantem,
459 3219 543 3270 quam
559 3202 740 3273 elegantioris
755 3204 889 3257 sermonis
905 3203 958 3256 viri
972 3203 1116 3272 geminare
1133 3213 1138 3223 ”

102 3273 205 3327 malunt
225 3272 335 3345 [volunt
353 3275 422 3345 cod]
442 3291 527 3341 quam
545 3292 558 3326 r
576 3273 702 3328 litteram
721 3274 884 3342 exprimere,
903 3275 935 3327 ut
950 3291 1013 3327 cum
1027 3274 1116 3342 pella-

102 3344 148 3398 bor
169 3343 281 3398 malunt
304 3345 397 3398 dicere
420 3361 505 3412 quam
527 3345 665 3414 perlabor.
703 3361 755 3399 nec
778 3344 862 3399 aliter
881 3345 957 3412 apud
975 3344 1116 3399 Lucilium

103 3416 200 3486 legitur
226 3416 269 3487 [in
294 3417 559 3487 praepositionem]:
585 3431 721 3479 pomoranus
741 3432 807 3470 —r
846 3416 978 3484 pellicere
1005 3416 1117 3470 malunt
1159 3473 1161 3477 ,

104 3503 180 3554 quam
197 3487 343 3556 perlicere.
380 3490 413 3542 de
431 3489 605 3543 collocatione
623 3488 659 3553 cs.
678 3490 714 3556 fr.
731 3492 773 3543 12.
794 3492 837 3542 15.

163 3593 213 3646 per
232 3576 243 3630 l
261 3575 384 3631 liciendo
404 3609 437 3617 -
456 3577 627 3632 inducendo:
649 3594 697 3630 em.
718 3578 807 3631 Marx
