2460 3900
163 172 228 237 104
345 171 551 227 Grammaticae
570 172 818 228 antevarronianae
837 171 997 242 fragmenta

501 370 537 435 a.
561 336 836 438 seleucum
1215 265 1218 436 1

499 528 548 581 nn
568 525 843 582 cocuoauumus
990 592 994 596 ,
1216 491 1218 646 l

542 661 544 664 .
658 666 676 721 1
749 682 751 686 Ι
857 681 860 686 ¹

229 768 376 846 Sibyllam
409 769 560 845 Epicadus
592 767 628 827 de
661 768 886 846 cognominibus
919 769 963 828 'ait
995 769 1172 845 appellatum

161 861 270 936 quiex
297 852 370 938 [his]
401 858 555 918 Sibullinis
582 857 668 916 libris
695 860 792 934 primo
820 876 936 917 sacrum
964 859 1044 933 fecit,
1076 858 1171 917 deinde

162 948 291 1024 Syllam3
319 949 371 1024 qui
394 947 474 1024 quod
501 948 579 1006 flavo
603 950 634 1006 et
656 949 775 1024 compto
800 947 913 1024 capillo
941 948 1041 1022 fuerit,
1070 947 1172 1007 similes
1217 949 1218 1020 1

165 1037 266 1113 Syllae
289 1039 360 1096 sunt
385 1037 539 1112 appellati.
1217 1087 1218 1126 p

235 1137 314 1191 Obar.
326 1153 356 1205 p.
373 1141 435 1202 110,
449 1139 467 1189 3
487 1139 530 1204 (=
546 1136 627 1191 Pliu.
642 1135 704 1190 dub.
720 1152 796 1190 sum.
807 1152 837 1204 p.
854 1139 898 1200 43,
913 1136 1005 1203 1613.)
1022 1149 1131 1199 Sibyllam
1145 1164 1173 1172 -
1217 1139 1218 1210 1

162 1222 274 1271 appellas.
293 1207 360 1261 inde
379 1205 535 1260 effeminati
553 1206 693 1274 hodieque
711 1206 742 1259 in
759 1205 827 1260 ludo
846 1205 935 1275 syllae
950 1206 1092 1272 dicuntur,
1111 1221 1173 1273 quos

162 1279 246 1349 vulgo
274 1278 467 1347 imprudenter
489 1277 609 1346 populus
633 1277 767 1346 appellat.
805 1279 928 1331 cetarum
950 1277 1040 1345 Psylli
1064 1282 1129 1332 sunt
1148 1276 1173 1328 in

162 1350 258 1404 Africa
282 1349 457 1418 serpentibus
480 1350 639 1415 medenteS,
662 1349 736 1402 sicut
758 1349 788 1402 in
805 1348 891 1403 Italia
909 1349 1003 1412 Marsi.
1041 1349 1074 1403 de
1091 1347 1175 1404 Plinii

161 1423 237 1489 sonte
260 1422 295 1488 cf.
317 1421 444 1488 Mamaos,
466 1421 617 1491 Quelleuler.
636 1420 663 1473 d.
678 1421 733 1491 Ny.
749 1421 775 1474 d.
791 1421 837 1474 ΡΙ.
856 1438 884 1488 p.
902 1425 962 1475 155.
996 1421 1129 1490 ceteroqui
1144 1417 1174 1484 cf.

169 1495 257 1548 Varro
275 1493 390 1560 11368.
422 1493 502 1546 Pliu.
521 1510 549 1546 a.
564 1492 589 1545 b.
611 1495 636 1558 7,
651 1495 693 1546 13.
727 1493 815 1546 Prisc.
830 1509 860 1561 p.
881 1496 944 1558 524,
957 1495 984 1546 2.
1019 1492 1140 1546 Maerob.
1156 1495 1175 1554 1,

164 1568 207 1648 17Ξ
221 1568 260 1620 27
284 1563 359 1618 bello
382 1563 487 1647 Punico
500 1563 541 1646 hi
567 1562 627 1616 ludi
652 1563 914 1687 {Apollinareskex
934 1561 1015 1617 libris
1037 1560 1174 1646 Sibyllinis
1217 1610 1218 1635 p

163 1651 285 1705 pumum
309 1636 374 1689 sunt
396 1637 521 1689 institutr
544 1634 651 1688 eunden
666 1651 681 1688 e
699 1632 828 1688 Cornelio
872 1634 920 1688 ufo
942 1635 1110 1700 decemviro,
1134 1648 1176 1700 qur

136 1705 141 1716 '
163 1709 312 1776 propterea
331 1705 439 1775 Sibylla
463 1705 677 1776 cognominatus
696 1707 740 1774 est
759 1708 787 1759 et
804 1709 904 1775 postea
923 1707 1053 1774 corrupto
1071 1704 1176 1760 nomine

163 1778 270 1847 primus
290 1777 383 1846 coepit
403 1776 481 1846 Sylla
499 1777 625 1832 vocitari.

237 1902 316 1956 aaa
335 1902 385 1956 aa.
402 1902 468 1957 aar
526 1901 597 1956 fecit
705 1901 848 1970 esyllam
862 1887 1026 1957 saeuas:
1046 1849 1177 1971 syllabam

165 1973 252 2028 fricuit
270 1975 432 2029 Fabricius:
453 1973 523 2027 -rint
540 1976 598 2029 cod.
617 1973 673 2027 fuit
692 1973 758 2027 Keil

575 2151 623 2204 DE
643 2151 779 2205 METEIS

662 2287 685 2344 2

234 2376 440 2434 hexameter
462 2393 586 2433 versus
907 2430 909 2434 .

244 2474 343 2528 Victor.
356 2490 384 2541 p.
399 2477 465 2539 209,
479 2477 497 2526 9
510 2472 673 2528 hexameter
687 2473 791 2527 dicitur
805 2489 842 2527 an
855 2473 1054 2527 hexametrus?
1080 2473 1177 2524 utrum-

168 2561 222 2612 que
240 2547 273 2597 ut
291 2544 423 2599 Euander
447 2545 474 2597 et
494 2544 654 2610 Euandrus,
678 2562 796 2612 quorum
818 2563 906 2598 unum
928 2544 1006 2598 venit
1030 2560 1063 2599 ex
1082 2541 1178 2596 Graeco

168 2615 376 2681 enuntiatione,
400 2615 521 2668 alterum
545 2633 577 2668 ex
601 2616 712 2670 Latina.
749 2616 854 2685 quippe
878 2615 1021 2670 Cornelius
1046 2613 1177 2682 Epicadus

168 2687 198 2740 in
218 2704 249 2741 eo
268 2686 349 2753 libro,
369 2702 452 2755 quem
472 2687 621 2741 demetria
641 2687 767 2756 scripsit,
785 2703 838 2742 hez
856 2687 950 2755 inquit
968 2712 1050 2742 vanua
1083 2685 1177 2740 Audax

168 2776 223 2814 eac.
248 2776 278 2828 p.
307 2761 370 2826 336,
389 2762 428 2812 28
461 2757 605 2812 Cornelius
634 2758 775 2827 Epicadus
803 2759 834 2813 in
861 2775 894 2814 eo
921 2758 1008 2822 libro,
1041 2773 1124 2825 quem
1149 2752 1177 2805 de

168 2830 265 2884 metris
285 2829 406 2898 scripsit,
424 2844 476 2883 hex.
514 2829 608 2898 inquit
626 2856 708 2886 versus.
744 2831 779 2910 cf.
804 2831 875 2885 Aur.
897 2829 979 2898 Opill.
1003 2829 1041 2908 fr.¹
1059 2832 1105 2883 25.
1128 2830 1175 2882 25·Ι

240 2920 413 2972 exametrum
432 2920 524 2973 Pan's.

607 3061 750 3115 nusum

666 3197 687 3253 3

239 3300 392 3361 Cornelius
428 3305 459 3361 et
490 3301 629 3362 Lutatius
669 3296 720 3380 [fr.
745 3298 779 3383 4]
819 3302 952 3362 scribunt
988 3321 1056 3360 eum
1092 3302 1175 3360 locum

171 3387 323 3470 [Curtium
342 3385 450 3470 lacum]
476 3410 537 3450 esse
560 3391 739 3468 fulguritum
762 3394 794 3450 et
817 3412 851 3451 ex
877 3392 905 3450 S.
924 3390 954 3451 C.
978 3394 1096 3468 septum
1119 3401 1176 3454 esse

170 3480 203 3538 id
226 3480 306 3556 quod
329 3481 440 3538 factum
463 3484 508 3539 est
526 3499 545 3538 a
564 3478 666 3539 Curtio
690 3481 818 3555 consule,
841 3484 889 3540 cui
907 3481 946 3538 M.
962 3479 1109 3540 Genucius
1130 3473 1176 3535 fuit

173 3569 296 3645 collega,
321 3565 457 3626 Curtium
481 3569 672 3645 appellatum.
