2480 3904
433 171 470 225 M.
491 171 604 225 Verrius
623 171 741 225 Flaccus
1030 171 1094 235 511

75 331 220 400 rescripsit
238 349 294 386 non
313 331 372 385 sine
390 332 577 386 insectatione
596 331 750 385 studiorum
770 348 935 400 morumque
949 330 1017 386 eius.
1045 350 1096 390 nu·

77 409 170 457 turum
193 403 276 457 iuius
297 404 363 458 zeon
386 403 499 470 definire
521 410 636 458 oonotus
659 411 698 458 est
720 403 931 469 LMooieensen‚
951 403 1095 460 Oonnrent.

73 475 142 542 pini.
158 475 220 530 Jen.
237 479 263 539 6,
277 478 297 528 2
309 493 340 543 p.
355 478 454 541 3—62,
473 476 522 544 qui
537 474 641 529 Scauro
656 476 752 545 Lonqo
769 473 943 543 Quintiliano
959 476 1097 530 Victorino

77 547 150 600 inter
163 563 192 600 se
206 546 312 600 collutis
327 547 442 616 iooisqne
456 546 494 600 ad
508 547 690 600 litteraturam
702 547 902 615 pertinentibus
915 563 949 600 eu
963 548 1041 601 tetris
1052 547 1097 600 De

76 618 218 671 uerborum
231 617 390 687 siqnirioutn
404 619 536 686 excerptis
554 618 595 686 (p.
611 623 646 671 50
655 619 703 686 sq.)
722 619 799 672 eitius
811 619 945 685 specimen
959 619 1098 687 quoddam

72 689 221 756 proposuit
241 690 283 757 (p.
299 690 404 757 59sq.);
426 690 458 743 in
482 705 535 756 qno
559 690 585 742 si
607 705 717 756 operum
735 706 815 743 suun
829 706 945 758 prorsus
962 707 1019 744 non
1033 707 1096 758 per·

76 761 160 825 didit,
179 761 255 814 uitro
272 761 522 814 uerisimilitudinis
544 760 657 830 speeiem
679 776 737 813 non
751 762 890 829 proouut.
923 761 956 814 de
973 761 1098 830 reliqniis

75 831 161 885 ineius
180 832 244 885 irini
262 831 297 898 of.
315 832 402 899 praef.
423 830 462 885 od
479 833 533 885 ine.
551 832 623 885 sertis
640 832 805 901 frequento.

151 925 194 974 12.
214 920 246 974 de
264 921 346 986 fustes
364 921 553 975 Praenestinis
572 921 614 974 oet.
634 926 690 975 test.
706 925 730 996 4.

156 1098 246 1153 Verrii
259 1099 390 1166 reliquias
399 1099 458 1152 ooit.
472 1097 626 1165 OMueiler,
638 1099 726 1166 praefi
738 1099 776 1153 ad
784 1099 864 1154 Festi
876 1101 909 1154 ete
922 1100 991 1154 verb.
1001 1099 1095 1170 siqnifi

74 1187 102 1238 p.
120 1170 208 1222 XIII
208 1186 260 1237 sq.-
280 1170 327 1238 qni
345 1185 407 1224 ouon
420 1186 546 1224 numeros
560 1172 596 1224 iis
609 1187 665 1224 non
680 1171 875 1241 odsiqnooerit
889 1178 985 1226 contro
999 1188 1098 1226 rnorem

76 1247 203 1296 nostrum
221 1243 252 1294 in
270 1243 388 1311 sinqnlis
404 1242 502 1311 qiossis
519 1242 627 1296 silentio
641 1243 847 1310 praeteribitur.

419 1455 454 1521 B.
479 1455 754 1522 FRAGMENTA

460 1595 719 1652 EPISTULARUM

151 1722 184 1776 de
197 1721 280 1775 iuius
293 1721 368 1775 noeti
381 1723 504 1790 epistulis
518 1721 552 1788 ef.
573 1723 661 1777 Varro
672 1723 738 1777 Tiro
752 1721 870 1778 Sinnius
885 1724 999 1793 Vuiqius
1011 1741 1098 1793 supro

584 1858 601 1911 1

146 1952 203 2011 hoo
232 1971 286 2028 pro
318 1952 376 2010 huo
408 1984 452 1992 -
482 1951 583 2011 erebro
616 1952 648 2011 in
680 1953 812 2028 antiquis
844 1953 1021 2012 lectionibus
1052 1955 1098 2012 in·

80 2045 210 2116 venitur,
234 2042 311 2100 siout
331 2040 362 2099 in
381 2042 518 2116 epistulis
540 2040 649 2117 probat
667 2042 790 2102 Venius
809 2042 932 2102 Fleoous
956 2043 1098 2118 exemplis

81 2131 262 2190 suetoiitete
289 2132 419 2204 ratione,
449 2129 549 2190 disens
572 2132 604 2188 in
628 2129 776 2190 adverbiis
804 2150 858 2207 pro
882 2152 903 2189 u
928 2151 944 2190 o
967 2132 1098 2207 plerum-

81 2239 138 2296 que
161 2221 288 2279 maiores
310 2239 421 2295 ponere
444 2222 607 2279 consuetos.

152 2309 224 2364 Sero.
245 2310 314 2363 Aen.
329 2313 357 2375 8,
370 2313 426 2363 423
444 2311 473 2362 et
490 2323 534 2363 hoo
548 2334 588 2371 pro
602 2324 647 2364 hue
664 2310 760 2378 posuit
779 2309 932 2362 seeundum
950 2309 1099 2378 antiquum

80 2398 196 2446 morem,
216 2397 281 2435 nem
301 2382 385 2433 untes
404 2380 457 2434 hoo
477 2380 640 2434 adverbium
657 2380 712 2435 loci
731 2381 794 2447 fuit,
814 2381 889 2448 quod
907 2397 982 2434 nuno
1004 2380 1097 2435 ebole-

80 2452 134 2518 vit3
157 2468 223 2505 nam
246 2467 324 2506 crebro
337 2483 364 2490 -
377 2469 500 2506 consuetos.
533 2453 561 2504 oi
587 2451 627 2505 Sic
648 2469 699 2520 pro
722 2452 778 2506 huc
801 2451 854 2506 hoc
876 2455 982 2506 veieres
1006 2453 1099 2508 diseio

81 2523 218 2589 solebant,
234 2523 370 2592 sioutpro
384 2522 453 2576 illue
467 2521 518 2577 illo
533 2521 660 2577 dicimus.
688 2524 987 2592 of.Priso.11164,5¹
1016 2542 1099 2593 quun

81 2596 246 2663 disciptinae
262 2595 457 2665 propinatique
474 2596 623 2661 formulam
647 2597 759 2650 Verrius
775 2602 882 2650 seontus
899 2597 943 2661 sit,
962 2612 995 2650 en
1012 2597 1100 2652 verns

82 2667 224 2735 ‘exemplu
241 2667 403 2720 auctoritate
420 2665 537 2721 ratione’
553 2668 728 2734 perspicitur.

155 2769 170 2816 3
188 2779 239 2832 pro
258 2781 277 2816 u
296 2763 323 2833 o]
342 2764 431 2831 probo
452 2763 611 2819 Coruini
629 2764 711 2835 Sonq.
731 2780 817 2834 provo
836 2765 960 2820 Hortos.

383 2967 431 3022 DE
452 2967 623 3023 ossscuffls
643 2967 796 3023 CATONIS

154 3086 207 3138 ieuo
220 3087 356 3153 pertinere
374 3085 481 3139 uidetur
499 3086 534 3151 fr.
549 3089 593 3139 24.
622 3085 656 3151 ef.
676 3087 757 3139 etium
779 3086 846 3140 Geli.
863 3088 945 3152 6,13.
965 3089 1009 3152 10,
1023 3089 1048 3152 3,
1064 3090 1099 3139 19

82 3163 108 3212 et
126 3157 321 3222 Kretiseiner,
340 3156 372 3210 oie
393 3156 460 3210 Geli.
474 3158 543 3223 font.
558 3173 588 3224 p.
605 3159 682 3226 75sq.

584 3292 606 3348 2

150 3388 198 3446 iit.
217 3387 264 3446 ΙΙ.
301 3386 340 3444 Μ.
356 3385 431 3445 Ouio
446 3387 609 3446 Voconiam
635 3388 731 3465 legem
757 3387 883 3446 suadens
902 3387 999 3445 verbis
1017 3387 1099 3446 hisce

82 3495 155 3537 usus
179 3478 225 3535 est
248 3470 402 3555 [XXXII
417 3480 435 3533 1
451 3470 511 3554 J.]:
540 3471 699 3552 ‘principio
721 3477 806 3535 vobis
829 3475 937 3535 mulier
958 3495 1099 3553 maguum

81 3568 183 3626 dotem
213 3565 336 3641 adtulit,
365 3568 431 3624 tum
461 3584 601 3643 magnum
628 3568 783 3640 pecuniam
813 3565 921 3642 resipit
949 3585 1040 3642 quum
1067 3566 1098 3624 iu
