2480 3904
173 163 239 228 496
340 163 547 218 Grammaticus
565 165 668 218 aetatis
687 166 850 234 Augusteaa
869 167 1028 237 fragmenta

173 331 430 392 Praetextatus
454 334 590 392 nobilis
615 337 897 410 grammaticus
921 334 1103 406 Latinus,
1125 332 1173 389 ‹le-

173 420 429 480 clamantium
465 422 596 481 deinde
634 423 782 482 auditor
819 427 927 498 atque
964 425 1174 499 praeseptor
1216 439 1217 480 i

173 509 216 568 ad
240 529 420 569 summam
443 511 659 590 Philologus
684 512 725 571 ab
750 516 862 571 semet
884 515 1097 571 nominatus

244 607 317 663 Suet
337 610 369 664 de
386 626 500 680 promto.
517 616 552 665 10
571 611 606 663 de
625 610 724 664 eodem
743 610 790 681 [L.
806 613 886 666 Ateio
905 610 1059 694 Philolopo]
1078 609 1178 662 Asinius
1216 655 1217 670 ,

173 678 286 734 Pollio
278 698 308 733 ιιι
327 680 408 748 libro,
428 697 482 748 quo
498 680 626 734 Sallustii
645 682 751 750 scripta
768 682 952 751 reprehendit
970 685 1002 736 ut
1020 681 1107 738 nimia
1119 681 1179 748 pris·
1216 699 1217 706 ¹

173 767 267 804 eorum
281 751 429 806 verborum
443 751 623 807 affectatione
638 752 736 818 oblita,
756 753 798 807 ita
811 755 957 808 traditus
1087 765 1179 805 -nuno-

172 839 244 878 natur.
276 824 311 890 ef.
336 824 432 892 Pomp.
452 825 635 880 Lenaeustes
636 829 694 880 t..4
730 796 877 896 tiupustus
900 844 945 894 up.
965 825 1038 881 suet.
1033 780 1126 894 reAuo
1141 827 1177 876 86.

245 954 259 1002 2
280 948 394 1016 quidem
412 949 501 1002 Jaao
522 949 637 1016 quidam

450 1215 650 1270 EPISTULAE
669 1216 718 1270 AD
737 1215 914 1271 PLANOUM

243 1365 335 1414 mum
358 1359 424 1414 tuce
445 1359 563 1427 epistula
587 1375 605 1412 a
628 1359 697 1413 Istro
719 1361 857 1428 superiore
879 1360 1074 1429 distiopueodu
1094 1359 1129 1412 sit
1145 1371 1176 1408 oo

172 1445 238 1492 stoa,
256 1431 343 1484 ausit
362 1430 503 1484 sententiis
521 1430 693 1498 disputatum
711 1437 763 1496 est;
783 1431 876 1499 potuit
898 1438 989 1485 tumen
1009 1432 1075 1485 liter
1091 1431 1133 1484 olle
1149 1443 1176 1480 aa

172 1501 297 1568 epistulis
310 1501 348 1556 ud
362 1503 512 1568 exemplum
525 1501 622 1556 Sionis*
636 1502 780 1570 Capitonis
794 1504 838 1570 (ef.
849 1505 946 1570 aspra)
962 1509 1089 1558 roriston.
1116 1501 1176 1554 eius·

172 1571 232 1626 dou
251 1575 405 1643 argumenti
422 1579 460 1626 est
477 1574 573 1639 fr.12.

670 1743 693 1802 2

239 1865 346 1924 Asinio
364 1865 494 1925 Pollioni
515 1868 548 1923 in
567 1866 697 1942 quadam
716 1866 855 1943 epistula,
879 1885 971 1941 quam
989 1866 1027 1924 ad
1045 1866 1175 1925 Plancum

172 1956 302 2030 seripsit,
333 1957 363 2014 st
390 1953 568 2030 quibusdam
598 1955 667 2014 aliis
692 1953 722 2013 G.
747 1955 891 2014 Sallustio
921 1957 1034 2030 iniquis
1063 1954 1175 2030 dignum

171 2045 244 2104 nota
258 2045 357 2104 visum
371 2046 424 2116 est
443 2045 523 2120 quod
540 2046 573 2102 in
591 2046 689 2119 primo
707 2043 901 2102 historiarum
917 2047 1009 2104 maris
1027 2045 1175 2104 transitum

171 2133 439 2208 transmissumque
470 2133 596 2192 navibus
625 2135 740 2191 fautum
769 2137 989 2210 transgressum
1022 2131 1175 2210 appellarit

145 2238 290 2298 reosque,
318 2224 373 2298 qui
394 2223 506 2280 fretum
532 2225 769 2296 transmiserant,
798 2241 872 2297 quos
895 2225 1101 2282 transfretasse
1123 2220 1173 2280 diei

171 2311 296 2370 solitum
319 2315 373 2386 est,
396 2313 597 2389 transgressos
620 2311 704 2369 dixit.
746 2311 838 2370 rerba
860 2314 928 2388 ipsa
952 2311 1077 2370 Sallusti
1097 2311 1174 2388 posui

172 2393 438 2479 [tt·.1‚104M.]:
461 2395 576 2475 ‘itaque
600 2399 748 2460 Sertorius
771 2401 831 2458 levi
854 2401 1005 2476 praesidio
1028 2402 1126 2460 relicto
1148 2401 1173 2456 in

170 2488 360 2550 Mauretania
387 2492 514 2550 nanetus
537 2489 694 2548 obscuram
720 2491 839 2548 uocum
862 2494 948 2548 aestu
973 2490 1099 2550 secundo
1120 2489 1173 2546 fur·

170 2580 226 2638 tim
250 2583 303 2638 aut
326 2580 478 2638 eeleritate
500 2581 597 2638 vitare
624 2579 770 2655 proelium
792 2582 826 2637 in
847 2583 1037 2657 transgressu
1062 2588 1172 2639 conatus

131 2685 158 2726 ro
171 2662 237 2728 est'.
282 2687 317 2728 ae
340 2668 447 2728 deinde
468 2669 547 2726 infra
571 2671 617 2727 ita
638 2670 759 2744 scripsit
782 2662 834 2746 [fr.
855 2663 1054 2748 1,105M.]:
1077 2665 1172 2727 ‘trans-

171 2775 287 2834 gressos
310 2760 407 2818 omnis
429 2759 537 2834 resipit
559 2776 644 2816 mons
667 2762 844 2832 praeseptus
868 2777 888 2816 a
909 2753 1082 2817 Lusitanis'.
1124 2756 1172 2813 hoo

170 2847 265 2926 igitur
291 2849 320 2906 et
346 2849 445 2906 minus
474 2849 594 2922 proprie
621 2849 651 2904 et
680 2843 898 2922 ἀπερισκέπτως
927 2851 959 2905 et
984 2847 1067 2905 nullo
1095 2845 1171 2923 grau*

171 2939 292 2996 auetore
330 2937 443 2996 dietum
480 2936 573 2994 aiunt.
631 2954 702 2994 nam
742 2939 994 3012 transgressus
1029 2938 1125 3012 inquit
1157 2951 1170 2989 r

170 3024 473 3104 transgredienda
502 3025 639 3084 dieitur
665 3025 773 3100 idque
802 3024 919 3100 ipsum
946 3024 990 3082 ab
1015 3027 1170 3102 ingressu

131 3122 204 3176 rtet
241 3133 259 3174 a
295 3115 422 3192 perium
463 3113 576 3190 gradu
616 3113 849 3190 appellatum
911 3113 1024 3172 ideireo
1059 3113 1171 3172 verbum

170 3197 363 3282 ‘transgredi’
382 3205 540 3264 senserim
557 3222 617 3262 nen
639 3205 759 3278 putarit
781 3221 877 3278 neque
896 3201 1068 3262 volantibus
1085 3219 1170 3278 usque

169 3292 356 3368 serpentibus
384 3312 479 3368 nsque
505 3293 733 3369 nauigantibus,
759 3292 811 3350 sed
837 3291 886 3349 his
912 3291 985 3350 solis
1008 3291 1061 3367 qui
1082 3291 1171 3370 gradi·

170 3386 262 3438 untur
279 3384 308 3440 et
330 3381 456 3456 pedibus
478 3381 537 3439 iter
559 3383 749 3440 emetiuntur.
792 3385 953 3456 propterea
975 3385 1087 3457 negant
1109 3392 1171 3456 aput

170 3468 344 3540 seriptoreru
379 3469 517 3526 idoneum
554 3473 607 3528 aut
644 3472 768 3528 narium
803 3476 1023 3548 uansgrsssurn
1058 3471 1172 3546 repsrin'
1216 3493 1217 3500 ¹

130 3569 256 3624 esposse
291 3557 344 3612 aut
373 3574 428 3630 pru
457 3557 701 3616 transfretatione
723 3563 952 3635 transgremum.
