2442 3902
160 199 225 262 346
309 199 516 254 Grammatioae
534 200 636 254 aetatis
654 196 846 253 varronianae
865 197 1023 267 fragmenta

159 360 192 415 de
211 362 227 414 1.
247 361 281 416 L.
299 363 324 426 7,
338 365 377 416 22
401 360 544 430 Aegaeum
568 359 676 414 dietum
700 360 736 413 ab
760 357 873 427 insulis,
899 359 975 428 quod
996 357 1025 412 in
1047 373 1076 412 eo
1095 356 1150 410 mari

159 431 268 502 scopuli
293 432 324 486 in
349 431 450 502 pelago
475 435 611 486 vocantur
636 431 671 485 ab
698 430 883 486 similitudine
909 447 1053 500 caprarum
1072 429 1150 498 Aeger.

159 505 194 571 es.
214 505 289 558 Plio.
309 521 336 558 o.
356 504 381 558 1.
397 508 422 570 4,
437 508 480 558 51.
514 505 599 560 Solio.
620 509 702 570 11,1.
737 505 824 558 Mart.
845 503 913 572 Gap.
934 508 960 568 6,
975 505 1036 556 658.

635 655 704 713 378

227 799 334 839 novem
357 781 481 856 insulae,
505 799 582 856 quae
606 781 676 838 sunt
698 781 767 855 post
789 779 900 838 fretum
924 778 1050 854 Siciliae,
1072 777 1152 854 appel·

159 870 262 928 lentur
281 869 404 929 Aeoliae
423 869 460 928 ab
480 870 573 928 Aeolo
594 889 664 947 rege
684 869 836 946 Hippotae
858 868 930 943 filio,
954 869 1025 928 lieet
1046 869 1154 926 habeant

160 961 191 1018 et
208 960 330 1034 propria
353 961 483 1018 nomina.
503 961 672 1034 —poetae
697 958 817 1033 quidem
837 957 955 1034 fingunt
977 958 1055 1016 huno
1074 975 1154 1034 regem

161 1065 223 1106 esse
242 1051 410 1122 ventorum,
434 1048 493 1121 sed,
516 1050 552 1107 ut
569 1049 666 1106 Varro
686 1047 769 1121 dicit,
791 1065 843 1104 rex
862 1047 921 1105 fnit
944 1046 1110 1119 insularum,
1127 1063 1154 1102 ex

133 1152 287 1214 equarum
321 1137 438 1196 nebulis
472 1140 501 1196 et
535 1137 618 1195 furno
651 1137 816 1195 Vuloaniae
853 1136 968 1194 insulae
1005 1136 1154 1212 praedicens

160 1228 263 1286 futura
299 1227 393 1285 fiabra
429 1228 587 1286 ventorum
622 1225 760 1302 inperitis
794 1225 876 1285 visus
908 1228 954 1284 est
986 1228 1087 1286 ventos
1113 1241 1154 1283 saa

159 1318 307 1392 potestate
330 1317 467 1375 retinere.

230 1423 302 1480 Serv.
328 1424 396 1478 Aen.
417 1428 443 1490 1,
467 1427 503 1479 52
525 1449 606 1478 novem
625 1454 658 1463 -
676 1436 779 1488 nomiaa3
804 1421 880 1476 unde
908 1423 937 1476 01
965 1421 1101 1492 Vergllllls
1123 1417 1156 1472 all

160 1495 221 1566 [Ae.
236 1498 264 1561 8,
278 1495 344 1567 416]
371 1495 511 1549 ‘Aeoliam
529 1495 680 1564 Liparem'.
716 1511 797 1557 poetae
810 1526 837 1534 -
850 1508 953 1550 retinere.
994 1495 1029 1560 cf.
1048 1493 1109 1548 Ie'd.
1124 1508 1154 1545 or.

159 1571 202 1634 14,
217 1572 243 1633 6,
258 1570 302 1621 36.
331 1568 460 1638 oeythopr.
475 1571 503 1633 2,
518 1571 562 1622 52.
582 1571 607 1636 3,
621 1571 647 1633 4,
662 1572 705 1621 10.

231 1697 246 1745 6
270 1691 409 1760 imperitis
431 1693 596 1763 mythopr.2
619 1691 655 1745 ab
678 1691 739 1760 inp·
758 1693 799 1746 ool
822 1690 858 1744 ab
876 1690 948 1760 imp·
967 1691 1044 1746 codd.
1062 1697 1086 1744 et
1100 1686 1155 1743 laid.

159 1764 194 1818 ab
214 1765 286 1832 imp·
305 1763 428 1817 eraditus
447 1764 490 1817 est
508 1764 672 1835 mytilopffl

632 1952 702 2008 379

226 2095 296 2135 sane
324 2094 425 2136 omnes
453 2075 627 2134 alt'tudines
654 2076 801 2134 montium
828 2075 900 2134 lieet
924 2093 942 2132 a
966 2074 1058 2134 Gallis
1079 2071 1156 2146 Alpes

158 2167 309 2239 vooentur,
339 2165 459 2241 proprie
486 2168 587 2223 tamen
617 2165 688 2241 iuga
715 2165 863 2222 montium
886 2162 1067 2223 Gallieorum
1092 2161 1156 2220 sunt.

160 2274 233 2331 ques
262 2254 392 2331 quinque
415 2256 473 2315 viis
497 2254 593 2312 Varro
621 2253 694 2312 dicit
720 2253 844 2312 transiri
870 2271 971 2328 posse:
1002 2271 1068 2326 una,
1093 2266 1156 2326 qnae

159 2348 204 2404 est
221 2346 308 2403 iuxta
326 2363 408 2402 mare
426 2363 480 2419 per
498 2343 637 2422 Ligures3
661 2344 765 2417 altere,
789 2362 847 2417 qua
866 2342 1019 2401 Hannibal
1039 2340 1156 2400 transit:

132 2434 261 2508 etertia,
300 2452 360 2509 qua
390 2433 548 2509 Pompeius
581 2433 618 2490 ad
650 2432 849 2508 Hispaniense
880 2431 993 2490 bellurn
1024 2431 1155 2507 protentus

160 2525 218 2598 est;
248 2525 370 2599 quarta,
401 2542 459 2598 qna
487 2521 657 2580 Hasdrnbal
686 2522 721 2580 de
746 2519 846 2580 Gallia
872 2523 904 2579 in
926 2520 1049 2580 Italiam
1076 2519 1155 2586 venit3

159 2613 273 2689 quinta,
297 2631 373 2688 quae
394 2612 543 2687 quondam
563 2629 580 2669 a
600 2609 719 2670 Graecis
742 2629 878 2686 possessa
897 2612 951 2683 est,
974 2628 1049 2686 quae
1067 2604 1155 2668 exinde

157 2701 249 2778 Alpes
274 2700 381 2760 Graiae
406 2700 605 2777 appellentur.

229 2810 301 2865 Serv.
324 2811 400 2864 Dan.
420 2811 490 2865 Aen.
511 2814 554 2876 10,
575 2812 609 2863 13
627 2834 680 2863 sane
695 2840 727 2848 -
744 2821 890 2871 appellantur.
918 2808 953 2874 cs.
979 2808 1046 2862 Isid.
1069 2823 1104 2860 or.
1122 2803 1155 2864 ll)

158 2886 245 2949 8,18.
282 2883 365 2937 Paul.
385 2882 458 2936 Feet.
474 2899 504 2950 p.
519 2885 545 2948 4,
560 2885 585 2935 5.

630 3041 695 3099 380

225 3168 375 3226 amineum
398 3167 501 3227 vinum
525 3169 611 3243 quasi
634 3167 697 3226 sine
720 3166 813 3225 minio
844 3165 957 3224 dictum
980 3165 1011 3223 id
1038 3165 1081 3223 est
1104 3158 1154 3219 sire

157 3258 278 3332 rubore,
314 3277 384 3316 narn
422 3257 523 3316 album
556 3257 609 3315 est.
655 3256 703 3315 vel
735 3255 876 3314 Amineos
909 3253 1049 3332 Pelasgos
1078 3250 1153 3310 fuisse

157 3347 253 3487 {arro
278 3347 327 3404 ait.
373 3346 443 3403 hino
467 3345 504 3403 ab
528 3364 600 3422 agro
624 3345 750 3404 Amineo
773 3345 850 3402 hano
872 3345 966 3403 vitem
995 3341 1153 3402 translatam

178 3432 268 3490 ieunt.

165 3536 319 3674 Verpscloill
340 3539 424 3590 Bere.
448 3556 471 3608 9.
491 3541 518 3605 2,
538 3542 574 3593 97
599 3553 711 3596 amineum
731 3569 764 3578 —
783 3553 866 3594 dieunt
908 3539 944 3606 ef.
973 3539 1053 3608 Brea.
1079 3545 1151 3605 ‘³9⁰⁸‘

235 3623 271 3658 .a
320 3644 327 3659 .
