2444 3902
145 170 212 234 214
296 169 503 224 Grammatieae
523 169 625 224 aetatis
644 169 835 223 Varronianae
854 167 1014 237 fragmenta

142 330 215 384 riam
230 328 371 384 corollam.
399 337 544 398 praetereo
557 329 629 384 Suet.
644 329 702 384 rell.
712 347 743 398 p.
758 331 821 384 413.
841 329 911 383 Iud.
921 347 960 384 or.
975 333 1003 395 8,
1014 332 1064 394 7,3
1080 329 1140 380 vates

144 419 161 455 a
176 401 202 454 vi
216 401 318 454 mentis
333 399 490 469 appellatos
501 401 588 455 Varro
602 402 700 455 auctor
714 403 765 467 est,
780 399 824 454 vel
838 417 855 454 a
870 399 977 454 viendis
993 397 1141 454 carminibus

143 473 174 526 id
193 474 237 526 est
254 472 412 536 flectendis,
432 472 485 527 hoc
505 474 547 525 est
564 471 753 538 modulandis,
773 474 801 526 et
820 471 939 540 proinde
957 473 1057 539 poetae
1072 469 1142 524 latine

144 546 223 597 vates
250 543 318 598 olim
344 546 372 596 et
398 543 503 612 scripta
529 561 624 597 eorum
656 542 792 597 vaticinia
823 541 1003 608 dicebantur,
1035 540 1141 610 quodvi

145 615 267 683 quadam
295 617 324 669 et
350 615 432 682 quasi
459 616 573 668 vesania
602 614 633 667 in
663 614 810 669 scribendo
836 615 1083 678 commoverentur,
1109 610 1142 664 vel

144 686 220 755 quod
237 686 328 740 modis
347 685 432 740 verba
451 688 670 754 comederentur,
689 686 764 740 viere
779 685 854 740 enim
868 685 980 754 antiqui
994 701 1044 755 pro
1057 683 1142 737 vincire

143 758 293 826 ponebant.
318 757 404 813 Sedet.
425 759 508 812 Beru.
529 775 592 827 epp.
612 759 651 810 H
666 759 724 812 buc.
740 762 765 823 9,
781 762 816 811 34
835 759 913 810 vates
934 756 1070 822 dicuntur,
1086 754 1142 808 sient

145 829 233 883 Varro
253 829 302 894 ait,
322 845 338 882 a
353 829 380 882 vi
394 829 497 882 mentis
516 829 546 882 id
562 831 604 882 est
619 828 653 882 ab
668 828 805 882 instinctu
820 827 932 895 mentis,
952 827 1010 882 sive
1024 844 1040 881 a
1054 825 1142 880 viendis

145 901 174 954 et
199 899 377 954 modulandis
403 900 587 967 carminibus,
616 900 640 953 si
663 900 777 968 quidem
800 899 875 953 viere
898 899 1040 970 significat
1056 895 1143 952 vincire

145 973 302 1036 conectere,
326 972 400 1024 unde
423 971 516 1025 vimen
539 973 568 1025 et
591 971 711 1024 viminea
730 987 797 1024 vasa
816 971 956 1025 dicuntur.
994 971 1064 1026 Seru.
1081 971 1143 1024 Dcu.

145 1043 213 1097 Aeu.
234 1047 264 1108 3,
282 1046 336 1096 443
363 1045 441 1096 vates
465 1059 482 1095 a
506 1042 532 1095 vi
558 1042 661 1096 mentis
691 1041 848 1111 appellatos
877 1042 966 1096 Varro
992 1041 1142 1096 auctorest.

145 1116 179 1180 ef.
194 1115 263 1168 leid.
278 1131 316 1168 or.
334 1118 417 1180 7,12,
433 1119 475 1168 15.
514 1115 616 1168 Aueed.
637 1116 675 1168 Η.
694 1131 721 1182 p.
736 1118 800 1179 223,
815 1119 840 1168 6.

216 1203 326 1270 antiqui
346 1202 492 1274 LSpeuyei

633 1321 674 1377 67
688 1322 690 1326 ’

212 1423 416 1502 Olympi-am
439 1445 507 1484 non
529 1427 683 1484 accessit

218 1522 298 1578 Char.
314 1528 456 1592 p.99,16
475 1530 519 1592 (=
534 1525 609 1577 Ptiu.
630 1525 693 1578 dut.
712 1540 789 1578 serm.
804 1541 835 1592 p.
852 1528 897 1590 72,
916 1529 952 1579 35
962 1526 1010 1594 Β.)
1033 1519 1147 1590 Olympia

146 1593 233 1649 Varro
253 1595 294 1653 ait
313 1627 346 1634 —
366 1595 400 1648 de
419 1594 571 1663 poematis:
591 1608 624 1648 01.
639 1620 685 1648 non
699 1621 746 1648 eoo.

176 1857 179 1864 .
240 1807 289 1860 EX
308 1807 567 1862 HEBDOMADON
584 1807 657 1862 VEL
675 1807 866 1862 IMAGINUM
883 1799 1001 1861 LIBRIS
1020 1807 1069 1860 XV

217 1949 286 2000 quae
304 1933 337 1986 de
355 1933 447 1986 iudoie
469 1939 495 1986 et
512 1933 608 1986 ordine
625 1933 709 1987 huius
731 1935 821 2001 operia
837 1933 989 2004 seueritate
1002 1931 1150 2001 promotu

145 2003 290 2058 Bitschelii
308 2011 333 2058 et
346 2004 474 2057 Bruuuii
487 2005 597 2075 occuito
611 2010 677 2057 suut
690 2005 807 2072 (Ritschi
821 2021 863 2073 op.
875 2007 901 2070 3,
911 2008 967 2059 508
972 2008 1031 2073 su),
1050 2005 1080 2057 iu
1092 2001 1149 2057 Pti-

146 2075 232 2145 loloyo
247 2079 290 2141 13,
306 2079 402 2143 meu.
427 2093 445 2130 a
459 2075 597 2130 Merottiu
615 2080 756 2130 coutruetc
772 2077 945 2144 strictiusque
963 2076 1041 2144 aprrd
1057 2074 1149 2129 sunu

146 2148 269 2215 reposito
296 2146 401 2215 (Geeeiu
422 2148 447 2201 d.
468 2147 545 2200 Rom.
567 2145 639 2201 lut*
658 2153 683 2212 1,
698 2149 762 2215 368)
789 2149 905 2201 iuuenis.
924 2148 1078 2218 fraymcuta
1100 2142 1149 2198 eod.

127 2217 345 2290 uCiuCiuappuis,
367 2220 466 2289 fraym.
487 2219 513 2272 d.
532 2235 643 2289 ouvray.
663 2219 696 2272 de
715 2217 758 2272 M.
781 2219 839 2272 Ter.
860 2219 940 2272 Varr.
964 2219 1085 2272 intitule'a
1105 2216 1150 2270 tu

145 2291 280 2359 qietorici,
300 2288 490 2344 Hebdomades
512 2289 553 2343 uel
572 2291 615 2343 Dc
632 2291 761 2359 imuyiu,
784 2290 817 2342 de
834 2289 927 2356 furna
942 2290 1040 2358 philos.
1069 2286 1152 2358 (Poris

146 2364 222 2415 1868
243 2377 272 2428 p.
295 2362 395 2429 87sq.).
432 2362 508 2428 apud
534 2361 660 2415 Plinium
684 2362 851 2415 luculentum
874 2367 950 2415 extat
973 2360 1152 2421 testimouium,

145 2449 173 2484 u.
188 2431 213 2484 h.
229 2434 274 2497 35,
290 2436 336 2485 11:
360 2431 517 2500 imaginum
537 2447 660 2485 amorem
678 2431 811 2502 flagrasse
831 2432 974 2500 quondam
992 2434 1078 2485 testes
1096 2429 1152 2482 sunt

146 2502 258 2555 Atticus
281 2501 330 2556 ille
355 2501 495 2557 Ciceronis
518 2503 595 2556 edito
619 2503 654 2556 de
673 2503 708 2556 iis
727 2503 880 2571 volumine,
905 2503 942 2557 Μ.
962 2504 1058 2557 autem
1075 2501 1152 2555 Varro

146 2571 348 2642 benignissimo
373 2573 486 2628 invento
514 2574 628 2627 insertis
656 2574 829 2628 voluminum
857 2592 971 2628 suorum
995 2569 1153 2628 fecunditati

146 2644 388 2714 septingentorum
410 2643 562 2698 illustrium
588 2645 683 2713 aliquo
707 2647 789 2700 modo
812 2647 957 2700 hominum
982 2644 1153 2714 imaginibus,

146 2731 203 2767 non
226 2733 324 2784 passus
347 2716 515 2771 intercidere
538 2716 642 2786 figuras
661 2719 710 2769 aut
727 2719 897 2771 vetustatem
917 2716 979 2770 aevi
998 2718 1095 2770 contra
1110 2714 1152 2767 ho-

146 2786 236 2839 mines
254 2787 359 2852 valere3
377 2788 507 2841 inventor
524 2787 646 2840 muneris
661 2789 748 2841 etiam
762 2788 804 2842 dis
819 2787 961 2854 invidiosi,
979 2788 1090 2856 quando
1107 2785 1153 2838 im-

89 2923 91 2926 ,
146 2858 308 2912 mortalium
327 2877 382 2913 non
402 2858 492 2914 solum
507 2859 594 2925 dedit,
613 2874 710 2912 verum
724 2859 810 2913 etiam
824 2859 855 2912 in
869 2860 959 2914 omnis
973 2862 1062 2914 terras
1076 2856 1154 2920 misit,

146 2931 179 2982 ut
196 2932 357 2998 praesentes
376 2947 436 2984 esse
455 2929 559 2997 ubique
578 2946 630 2984 ceu
649 2930 679 2982 di
697 2932 819 2999 possent.
842 2932 878 2998 cf.
893 2932 965 2987 Suet.
984 2933 1042 2986 rell.
1055 2948 1082 2999 p.
1097 2927 1153 2982 313.

147 3003 274 3070 emporis
290 3001 377 3056 Varro
395 3004 452 3071 ipse
471 3003 548 3071 apud
568 3003 687 3057 Gellium
706 3003 861 3072 (3‚10,17)
879 3003 911 3055 iu
925 3003 994 3057 libro
1008 3001 1153 3058 Hebdonru·

147 3073 212 3127 duur
226 3074 319 3142 primo
338 3080 434 3128 auctor
451 3081 500 3128 est:
524 3075 586 3126 tum
603 3073 645 3126 ibi
664 3072 745 3127 addit
768 3089 797 3127 se
816 3091 927 3142 quoque
950 3072 1009 3127 iam
1032 3070 1153 3127 duodeci·

146 3160 220 3197 mam
246 3161 381 3198 annornm
403 3143 609 3198 hebdomadam
632 3140 790 3214 ingressum
814 3160 881 3198 esse.
917 3161 979 3199 cum
997 3146 1068 3199 euim
1087 3158 1154 3197 auno

147 3215 267 3287 638s116
289 3223 373 3270 uatus
395 3217 444 3282 sit,
466 3218 589 3284 sequitur
612 3222 644 3270 ut
666 3233 741 3271 uuuo
764 3217 820 3282 fere
845 3216 1062 3287 715s391itnuu
1080 3217 1153 3268 ιἐιιιηι

145 3288 341 3355 couscipserit.
378 3289 431 3342 truc
444 3290 582 3357 perticere
599 3289 707 3342 uidetur
723 3289 760 3354 fr.
775 3291 838 3342 298.

463 3501 465 3506 .
509 3448 550 3505 68
575 3440 610 3525 [3
635 3441 797 3525 Oduppuis]

215 3550 262 3606 tib.
283 3550 309 3606 Ι.
347 3551 385 3608 Μ.
406 3551 501 3610 Varro
520 3554 552 3609 in
570 3555 667 3627 primo
686 3553 722 3611 de
741 3551 935 3630 imaginibus,
954 3555 1021 3610 uter
1042 3545 1092 3629 [H
1143 3576 1152 3586 ·
