2480 3904
149 196 214 260 518
318 196 525 250 Grammaticae
544 197 647 250 aetatis
665 197 828 265 Augusteae
846 195 1006 266 fragmenta

637 367 680 424 16

214 471 260 531 sal
287 503 329 512 —
353 469 504 530 Fabianus
533 489 689 530 causarum
719 472 903 531 naturalium
929 471 962 530 11
988 470 1154 529 neutraliter

147 561 225 619 dixit
243 591 301 617 -.
343 563 373 619 et
396 559 493 619 Varro
516 561 553 619 de
575 563 722 636 poematis
745 560 776 619 Π
800 555 851 639 [fr.
873 554 945 639 64]:
969 554 1059 618 ‘nune
1080 558 1155 616 vides
1220 570 1221 630 l

144 650 180 796 ir}
197 650 342 797 contriviis
360 651 406 707 ite
423 651 496 725 poni
514 650 560 708 sel
579 653 609 707 et
627 645 707 708 mel’.
742 650 822 726 quod
840 668 933 728 genus
952 651 1042 708 etiam
1057 648 1154 705 Verrio
1220 639 1221 656 ¹

147 756 271 814 pacm.

218 830 298 884 Clear.
317 847 348 897 p.
368 833 432 898 106,
454 832 492 882 12
515 832 559 897 (=
579 829 654 882 Ptin.
679 827 742 882 aue.
766 845 842 882 serm.
862 846 892 896 p.
913 833 950 882 76
972 829 1038 882 adn.
1061 829 1107 894 B.)
1127 841 1156 880 ιι(

145 899 295 953 masculini
317 900 428 969 generis
455 901 498 953 est
521 915 573 954 uec
595 899 684 952 habet
702 898 852 968 pluralem
876 915 943 952 nam
966 901 995 953 et
1013 898 1155 952 Sallustius

144 971 187 1024 ite
210 988 276 1026 usus
300 973 343 1024 est
367 970 518 1042 [1u9.89]:
547 971 649 1038 ‘neque
673 969 761 1023 ealem
783 985 874 1038 neque
898 969 956 1024 alia
981 970 1156 1024 inritamenta

145 1041 228 1110 geilae
255 1041 450 1110 quaerebant’.
489 1041 538 1095 sed
561 1051 715 1096 Fabianus-
729 1056 800 1095 uixit:
821 1042 881 1095 ‘eur
904 1041 947 1094 sal
970 1041 1048 1095 aliud
1071 1040 1154 1110 perlu-

146 1112 247 1181 cidum,
268 1113 347 1168 aliud
365 1113 546 1181 inquinatum
565 1115 615 1166 aut
632 1111 763 1182 nigrum?
791 1113 859 1180 quia
882 1112 924 1166 eal
950 1129 983 1166 ex
1002 1112 1081 1166 arido
1099 1128 1155 1165 een-

145 1183 271 1252 gelatum
297 1186 361 1238 est’.
397 1185 473 1238 idem
499 1183 586 1237 etiam
611 1183 761 1253 pluraliter
789 1184 862 1236 dixit
881 1184 1059 1237 ‘haerescunt
1078 1181 1155 1236 infimi

146 1255 241 1323 sales’‚
264 1273 328 1309 eum
356 1254 504 1324 pluraliter
526 1254 644 1310 facetias
666 1257 778 1308 tantum
807 1254 959 1324 significari
986 1253 1155 1325 grammatici

144 1327 322 1381 tradiderint.
355 1345 377 1382 et
391 1343 462 1381 vam
476 1359 503 1366 —
516 1341 607 1389 puceu
639 1327 674 1393 ef.
694 1328 776 1382 Prot.
796 1327 829 1380 de
847 1344 919 1381 uem.
938 1344 993 1381 ecee.
1007 1344 1038 1396 p.
1053 1330 1116 1390 209,
1133 1329 1155 1377 6.

636 1489 678 1545 17

98 1601 100 1606 ’
212 1593 262 1652 liic
286 1587 403 1672 [nomen
420 1587 537 1672 exetde't]
562 1593 723 1652 masculine
748 1592 887 1652 dicendus
911 1598 964 1667 est,
987 1595 1021 1650 ut
1039 1591 1154 1651 Verrius
1222 1585 1223 1630 Ῐ

145 1682 197 1756 ait,
223 1684 365 1758 quoniam
387 1687 494 1741 neutra
516 1684 548 1740 in
572 1683 583 1740 i
606 1684 693 1740 etus
716 1701 776 1740 non
799 1685 914 1740 exeunt.

217 1780 299 1837 Char.
313 1798 344 1849 p.
360 1785 422 1847 109,
441 1786 459 1834 7
478 1799 493 1834 e
513 1800 528 1834 (ι
549 1781 597 1848 qui
616 1797 728 1834 neeesse
748 1780 793 1834 eit.
821 1795 858 1834 uro
871 1811 898 1820 -
913 1799 1003 1835 exeunt

633 1951 676 2007 18

215 2058 244 2114 et
262 2055 388 2132 Valgius
413 2049 465 2134 [fr.
483 2049 515 2135 6]
541 2059 570 2114 et
588 2057 711 2114 Verrius
735 2059 764 2114 et
782 2057 899 2134 'irogus
922 2057 959 2115 de
981 2054 1154 2115 animalibus

146 2138 258 2223 [heres]
282 2145 360 2204 laete
383 2145 493 2204 dieimt.

219 2235 299 2290 etur.
320 2239 428 2302 p.102,
447 2239 483 2288 10
507 2237 551 2302 (=
561 2236 636 2289 Plia.
657 2235 720 2289 dub.
744 2251 820 2288 serm.
839 2253 870 2302 p.
890 2239 935 2300 53,
953 2240 992 2289 20
1009 2236 1056 2303 B.)
1074 2252 1096 2288 ee
1108 2246 1154 2284 (ιι-

145 2320 196 2369 gius
209 2338 236 2345 -
249 2320 333 2360 meunt.
352 2308 383 2358 at
401 2305 574 2359 cousuetudo
593 2308 688 2359 tamen
707 2305 786 2360 aliud
800 2305 935 2374 sequitur.
961 2307 1025 2360 adn.
1046 2308 1102 2361 crit.
1116 2302 1153 2356 ed.

145 2377 184 2430 ad
208 2377 336 2448 Valgiwm
356 2379 372 2431 l.
392 2394 413 2431 e.

637 2477 678 2532 19

214 2583 301 2656 panis
320 2582 493 2660 genetivum
510 2581 657 2656 pluralem
672 2580 782 2641 (laesar
798 2582 834 2640 de
852 2582 993 2660 analogia
1009 2581 1042 2640 H
1061 2574 1109 2659 [fr.
1121 2569 1151 2654 8]

145 2670 270 2744 panium
295 2669 379 2743 dixit,
403 2671 455 2729 sed
478 2671 601 2729 Verrius
624 2690 736 2745 penum
759 2671 822 2730 sine
844 2671 864 2728 i.

219 2768 299 2822 Char.
315 2786 344 2837 p.
360 2773 404 2835 90,
420 2772 437 2822 7
454 2783 520 2832 panis
533 2771 628 2822 autem
642 2784 770 2833 genetivum
779 2783 885 2823 -sinei
911 2769 991 2824 thr.
1006 2788 1036 2838 p.
1051 2771 1108 2832 141,
1119 2767 1152 2817 20

147 2841 191 2907 (=
201 2841 277 2894 Ptin.
292 2841 355 2894 dub.
374 2857 451 2894 serm.
467 2858 496 2909 1).
511 2844 557 2906 25,
572 2846 607 2895 10
622 2842 668 2909 B.)
688 2841 803 2909 panium
818 2839 919 2894 Caesar
937 2841 984 2911 [fr.
999 2839 1092 2910 Μανῆ,
1109 2833 1151 2888 sed

146 2909 261 2964 Verrius
276 2913 387 2978 centra3
401 2927 467 2964 nam
482 2911 492 2964 i
506 2912 635 2965 detreete
648 2928 754 2981 panum
769 2913 810 2965 sit
824 2911 881 2964 diei
895 2911 1005 2965 debere.
1032 2912 1151 2964 neutrum

147 2983 242 3034 autem
265 2984 334 3051 puto
357 3000 438 3052 posse
463 2983 533 3048 dici,
557 2983 624 3050 quia
643 2983 678 3036 de
697 2982 741 3036 his
760 2985 803 3037 est
820 2982 981 3036 nominibus
1000 2999 1079 3052 quae,
1096 2993 1150 3032 eum

146 3053 270 3120 pendere
289 3070 404 3107 numero
423 3070 608 3122 mensuraque
627 3056 765 3122 constent,
785 3070 895 3123 semper
913 3064 979 3107 sunt
1001 3049 1150 3123 singularia.

634 3215 678 3272 20

215 3320 316 3378 ambos
340 3321 495 3378 Terentius
522 3322 554 3377 in
582 3318 726 3396 Adelphis
755 3314 863 3399 [962]:
891 3314 999 3395 ‘usque
1021 3338 1039 3377 a
1060 3313 1149 3393 pueris

148 3408 250 3462 curavi
269 3407 370 3465 ambos
389 3402 512 3465 sedulo'.
529 3439 567 3448 -
584 3408 674 3483 idque
692 3408 835 3468 Helenius
849 3407 949 3468 Aaron
967 3411 1010 3468 sie
1027 3407 1148 3483 opertere

148 3491 207 3546 diei
230 3495 262 3547 in
285 3493 387 3550 eedem
409 3495 541 3554 Terentii
563 3497 667 3555 fabula
685 3497 853 3573 disputavit
869 3497 1065 3572 Verriumque
1087 3492 1149 3551 dieii

149 3594 255 3648 errare,
279 3582 330 3652 qui
353 3584 441 3654 putat
463 3583 516 3641 hos
540 3584 626 3643 ambo
650 3586 709 3644 diei
731 3587 844 3645 debere.
