2444 3902
159 165 225 230 238
308 165 516 222 Grammaticae
534 168 637 222 aetatis
657 167 849 224 varronianae
866 167 1027 239 fragmenta

563 339 647 394 '141
675 330 745 415 [37]

224 449 242 507 l.
263 449 352 508 XVI.
395 449 537 510 Venilia
565 451 661 510 ¹unda
688 455 741 510 est
770 470 859 526 quae
883 451 924 511 ad
952 452 1042 510 litus
1067 455 1165 522 vonit¹

144 536 302 597 'Salacia
329 541 478 616 quaein
502 540 616 599 salum
639 539 742 599 redit.
789 540 791 546 '

229 638 425 708 Auwm'bt'd.
438 641 463 704 7,
476 642 515 692 22
528 651 620 692 Venilia
634 637 728 706 lanll
742 637 848 710 [Varro
879 654 940 693 unda
953 654 1059 694 -redit
1093 641 1165 694 Varro

158 708 191 763 de
208 709 226 762 1.
246 708 280 763 L.
301 713 331 775 5,
351 712 387 763 72
415 707 526 764 Salacia
548 709 676 778 Neptuni
699 708 735 763 ab
760 708 833 778 salo,
883 710 975 764 enelia
996 726 1015 765 a
1038 710 1165 764 veniendo
1210 714 1215 723 '

157 795 191 834 ac
205 782 297 833 vento.
311 782 345 848 cf.
358 780 431 835 Fest.
442 797 472 849 p.
484 784 564 847 326¹,
579 786 623 835 16.
639 781 713 836 Sero.
723 784 792 835 Aen.
809 786 834 848 1,
849 786 909 836 144.
926 783 964 836 ic.
979 783 1059 837 Dan.
1076 787 1122 850 10,
1134 787 1166 835 πθ.

534 952 599 1009 142
627 944 725 1036 [xiv
744 943 798 1028 51]

223 1063 383 1122 Afferenda
405 1067 451 1122 est
474 1064 512 1122 ab
536 1065 692 1124 afferendis
716 1063 844 1136 dotibus.

231 1162 300 1216 sart.
316 1163 354 1217 aa
367 1166 463 1229 uasa,
473 1168 507 1216 11
526 1175 569 1216 m.
579 1195 606 1202 -
616 1177 711 1218 consu.
729 1164 762 1218 oe
774 1165 850 1231 sona
866 1163 1036 1219 amussim·
1049 1166 1086 1231 cf.
1098 1182 1164 1234 prae·
1213 1144 1221 1235 Ξ

155 1235 246 1288 secem
264 1235 330 1288 socc.
345 1239 373 1300 a,
388 1239 411 1288 1.
1126 1235 1132 1247 “
1214 1241 1221 1274 '³

550 1397 614 1452 143
638 1387 779 1472 [wan]

222 1512 405 1568 vocavenmt
422 1509 508 1568 deam
522 1510 704 1586 Agenoiism
718 1529 794 1585 quae
809 1508 847 1568 ad
861 1510 1010 1587 agendum
1023 1513 1166 1580 excitaret,
1198 1543 1202 1560 ·

156 1595 242 1655 deam
263 1597 422 1657 Stimulam
441 1613 516 1674 quae
536 1597 574 1656 ad
594 1599 741 1676 agendum
757 1599 838 1658 ultra
857 1598 977 1658 modum
997 1599 1166 1668 stimularet,

155 1685 242 1744 deam
279 1687 426 1748 Murciam
467 1707 544 1762 quac
580 1691 699 1763 praeter
730 1688 849 1748 modum
883 1708 943 1747 non
974 1692 1109 1748 moveret
1139 1706 1166 1746 ac

155 1775 266 1834 faceret
284 1775 443 1850 hominem,
462 1779 496 1834 ut
520 1779 563 1835 ait
581 1775 763 1852 Pomponius
784 1770 823 1856 [o.
845 1779 910 1836 195
923 1768 1048 1857 Rsbc.³]‚
1066 1777 1167 1836 murci-

155 1862 226 1922 dum
255 1864 286 1922 id
310 1868 355 1924 est
383 1867 472 1926 nimis
500 1864 681 1924 desidiosum
705 1867 735 1924 et
757 1867 954 1940 inactuosum,
982 1865 1069 1924 deam
1093 1866 1166 1925 Stre·

154 1953 235 2012 niam
255 1972 333 2029 quae
356 1956 467 2014 faceret
490 1958 651 2030 strenuum,
670 1987 714 1996 -
733 1954 869 2024 Quietem
892 1975 962 2016 vero
986 1955 1166 2031 appellantes

155 2060 230 2117 quae
253 2043 364 2102 faceret
387 2046 530 2119 quietum.

226 2141 440 2211 Auylwl.0iv.d.
455 2146 528 2209 4,16
541 2155 829 2204 vocaverunt-quietum.
859 2143 894 2208 cf.
909 2142 975 2196 abad.
990 2148 1016 2208 4,
1027 2147 1070 2197 11.
1102 2145 1166 2196 Terl.

154 2213 192 2266 ad
204 2218 262 2266 nat.
276 2217 304 2279 2,
319 2217 361 2266 11.
381 2213 454 2268 Serv.
468 2214 545 2267 Dan.
555 2214 624 2267 Aac.
635 2217 661 2279 8,
670 2216 731 2269 636.
750 2213 856 2268 Amol.
866 2219 892 2280 4,
902 2216 927 2266 9.
946 2213 1021 2268 Non.
1031 2218 1165 2284 p,16‚32.

153 2283 186 2337 dc
209 2283 333 2339 Vonone
351 2285 504 2356 Appenino·
526 2291 635 2339 ouctm
658 2285 689 2337 in
710 2285 874 2355 fropmmtie
894 2301 964 2354 quoe
984 2292 1113 2340 aeacum
1134 2287 1165 2350 ct.

153 2356 202 2409 cio.
218 2355 244 2408 d.
264 2359 329 2421 4,1.
348 2358 394 2410 27.
414 2361 440 2422 6,
455 2359 480 2409 3.
500 2361 524 2409 4.
541 2360 566 2410 6.
585 2360 610 2409 9.
631 2360 695 2422 7,1.
715 2359 741 2410 2.
761 2358 786 2409 3.
806 2360 893 2410 5.13.
914 2359 957 2410 17;
976 2361 1015 2412 23
1032 2363 1077 2410 etc.

521 2526 584 2582 144
609 2517 686 2602 [20⁰.
722 2517 799 2602 103]

220 2658 299 2696 nam
338 2637 433 2697 sicut
470 2638 558 2697 Aius
600 2639 684 2698 deus
726 2638 936 2715 appellatus
973 2657 1102 2715 araque
1135 2638 1165 2696 ei

154 2729 294 2786 statuta
317 2731 384 2802 est,
406 2746 496 2805 quae
520 2731 574 2787 est
596 2729 727 2786 infima
749 2747 842 2788 nova
862 2729 934 2802 via,
958 2727 1052 2803 quod
1070 2746 1108 2785 eo
1130 2729 1165 2785 in

153 2816 231 2875 loco
255 2815 435 2877 divinitus
458 2836 523 2877 vox
547 2817 645 2876 edita
669 2821 760 2891 eret,
787 2819 841 2875 ite
863 2817 1060 2876 Vaticanus
1083 2815 1165 2875 deus

153 2907 375 2980 nominatus,
416 2924 523 2982 penes
561 2926 662 2981 quam
699 2909 819 2965 essent
855 2907 954 2965 vocis
995 2907 1164 2965 humanae

126 2994 275 3068 sinitis,
310 2995 478 3071 quoniam
511 2996 628 3070 pueri,
664 2995 770 3054 simul
803 2998 911 3070 atque
942 2996 1042 3070 parti
1072 2997 1164 3066 sunt,

152 3102 227 3142 eam
247 3085 396 3159 primam
415 3102 534 3144 vocem
553 3083 676 3158 edunt,
700 3102 790 3160 quae
809 3084 925 3160 prima
941 3085 978 3141 in
994 3082 1163 3143 Vaticano

152 3171 348 3252 syllabast3
380 3171 588 3248 idcircoque
620 3175 744 3250 vagire
776 3172 912 3231 dicitur
947 3173 1163 3248 exprimente

151 3260 259 3321 verbo
282 3279 405 3320 sonum
427 3261 526 3322 vocis
549 3263 715 3321 recentis.

225 3359 292 3412 Gall
312 3365 361 3424 16,
381 3363 417 3412 17
440 3361 469 3413 et
492 3375 589 3428 agrum
609 3359 780 3413 Vaticanum
803 3361 832 3413 et
855 3359 981 3414 eiusdem
1004 3359 1065 3431 agri
1082 3358 1162 3411 deum

151 3427 310 3494 praesidem
328 3427 502 3496 appellatum
521 3444 719 3498 acceperamus
737 3446 755 3483 a
772 3429 925 3498 vaticiniis,
944 3446 1017 3498 quae
1034 3432 1063 3484 vi
1080 3433 1161 3494 atque

151 3495 288 3548 instinctu
312 3497 372 3550 eiua
396 3499 442 3550 dei
464 3500 493 3551 in
517 3515 550 3553 eo
574 3516 642 3568 egro
665 3500 726 3553 fieri
744 3500 830 3553 solita
848 3504 949 3556 esunt.
987 3503 1037 3556 aed
1054 3499 1161 3570 plectet

152 3564 225 3616 hano
250 3581 363 3618 cauum
388 3567 424 3620 M.
435 3567 523 3622 Varro
548 3571 577 3622 in
603 3569 683 3623 libris
706 3571 865 3625 divinarum
888 3572 974 3626 aliam
997 3589 1058 3626 ease
1075 3568 1160 3625 aedit
