2442 3902
155 184 221 249 396
306 185 512 239 Grammaticus
530 184 631 238 utatis
650 183 841 238 Varronianus
860 184 1022 254 fragmenta

116 372 141 413 rs
155 353 310 428 prolixis
341 356 447 428 atque
473 351 656 429 prosperis
680 353 834 412 animum
857 354 1035 412 excellere
1062 357 1151 429 atque

156 442 361 518 superbiam
392 447 501 518 atque
531 443 702 501 ferociam
735 461 927 520 augescere
960 446 1067 518 atque
1094 462 1150 502 cre·

156 550 263 592 scere.
314 549 382 607 qno
412 531 500 591 mihi
531 550 622 590 nunc
654 551 803 608 magnae
835 551 940 592 curae
973 536 1042 605 est,
1078 530 1152 606 quod

155 621 242 679 haec
263 639 319 679 res
346 622 420 678 tam
443 621 596 679 secunde
625 622 819 696 processit,
848 640 889 680 ne
918 621 1004 696 quid
1031 624 1067 679 in
1087 640 1151 679 cou-

157 709 305 769 suleudo
335 709 481 769 advorsi
510 710 668 784 eveniat,
700 710 793 785 quod
822 712 968 769 nostras
998 710 1152 770 secundas

117 817 212 858 aoros
240 799 420 872 confutet,
451 817 537 858 neve
563 799 649 857 haec
677 799 825 858 laetitia
852 801 959 858 nimis
987 800 1151 858 luxuriose

158 889 312 946 eveniat.
359 887 532 947 advorsae
562 907 617 947 res
648 888 814 947 edomant
844 891 879 946 et
908 888 1052 963 docent,
1083 886 1151 964 quid

158 995 245 1052 opus
265 979 335 1036 siet
353 978 464 1052 facto,
488 977 664 1037 secundae
683 995 739 1036 res
757 977 906 1036 laetitia
924 981 1151 1038 transvorsum

158 1065 302 1124 trudere
331 1066 449 1124 solent
472 1085 490 1124 a
512 1069 609 1124 recte
638 1067 858 1124 consulendo
887 1069 997 1141 atque
1027 1067 1151 1126 intelle·

158 1155 280 1231 gendo.
314 1174 381 1231 quo
400 1157 533 1230 maiore
553 1173 658 1230 opere
676 1155 754 1214 dico
774 1156 996 1232 suadeoque,
1015 1158 1069 1214 uti
1084 1156 1152 1214 haec

118 1261 143 1302 aa
158 1263 213 1304 res
237 1243 380 1319 aliquot
403 1243 477 1303 dies
500 1245 723 1320 proferatur,
753 1243 832 1302 dum
855 1264 895 1302 ex
917 1248 1022 1304 tanto
1042 1244 1154 1322 gaudio

158 1334 194 1390 in
224 1335 445 1408 potestatem
476 1336 636 1392 nostram
667 1329 879 1393 redeamus'.
925 1353 1015 1410 quae
1045 1331 1152 1392 deinde

160 1421 247 1482 Cato
275 1424 377 1480 iuxta
405 1422 507 1497 dicit,
536 1441 575 1482 ea
602 1423 702 1498 inquit
730 1423 992 1482 confessionem
1020 1423 1153 1494 faciunt,

158 1530 227 1569 non
262 1510 521 1586 defensionem,
558 1531 670 1587 neque
706 1512 1019 1587 propulsationem
1054 1516 1152 1570 trans·

159 1600 378 1659 lationemve
393 1602 555 1660 criminis
569 1600 715 1673 habent,
733 1601 794 1660 sed
808 1620 884 1659 cum
902 1601 1067 1677 pluribus
1084 1599 1153 1658 aliis

119 1707 145 1747 eo
160 1689 532 1764 communicationem,
557 1690 648 1765 quod
672 1691 817 1749 scilicet
835 1689 929 1748 nihil
952 1691 996 1748 ad
1018 1707 1153 1766 purgan-

160 1779 240 1836 dum
272 1781 334 1838 est.
381 1781 489 1854 atquc
522 1779 630 1837 etiam
662 1781 763 1854 inquit
793 1781 941 1854 insuper
973 1780 1154 1855 profitetur

160 1867 392 1941 Rodienses,
435 1869 500 1943 qui
538 1868 817 1943 accusabantur,
859 1868 959 1944 quod
1001 1868 1154 1928 adversus

159 1947 332 2033 populum
351 1956 544 2016 Romanum
562 1959 640 2034 regi
661 1957 775 2035 magis
795 1959 979 2033 cupierint
996 1957 1155 2017 faverint·

161 2065 240 2121 que,
270 2046 306 2103 id
330 2064 387 2105 eos
416 2047 558 2122 cupisse
586 2051 694 2122 atque
722 2047 858 2107 favisse
885 2047 1066 2106 utilitatis
1088 2061 1156 2104 suae

120 2153 145 2192 aa
161 2135 294 2211 gratia,
327 2153 367 2192 ne
399 2135 547 2194 Romani
576 2135 683 2195 Perse
715 2154 854 2211 quoque
886 2155 970 2213 rege
1002 2137 1095 2195 victo
1122 2131 1156 2190 ad

161 2224 365 2299 superbiam
394 2224 639 2300 ferociamque
662 2227 697 2283 et
719 2225 936 2284 inmodicum
958 2225 1093 2283 modurn
1113 2221 1155 2280 in·

162 2313 389 2374 solescerent.
428 2332 520 2388 eaque
543 2314 610 2389 ipsa
633 2305 723 2371 verba
746 2316 839 2389 ponit,
863 2314 907 2371 ita
929 2315 964 2371 ut
986 2314 1064 2372 infra
1081 2313 1155 2384 scrip-

160 2407 226 2462 tum
247 2396 395 2481 [V2J.]:
416 2397 540 2477 ‘atque
559 2421 622 2479 ego
643 2403 784 2478 quidem
804 2402 963 2461 arbitror
979 2402 1155 2461 Rodienses

161 2493 323 2552 noluisse
346 2509 408 2550 nos
437 2494 491 2549 ita
515 2492 733 2569 depugnare,
763 2493 818 2549 uti
842 2492 1082 2569 depugnatum
1103 2489 1155 2558 est,

121 2601 274 2658 luneque
310 2600 430 2658 regem
463 2579 594 2639 Persen
631 2583 737 2640 vinci.
781 2581 844 2641 sed
879 2599 948 2638 nou
980 2581 1156 2639 Rodienses

162 2670 262 2729 modo
281 2669 317 2728 id
335 2671 494 2744 noluere,
513 2670 574 2728 sed
591 2670 724 2728 multos
742 2670 895 2745 populos
916 2673 1025 2746 atque
1042 2667 1154 2728 multas

162 2759 327 2818 nationes
355 2760 447 2817 idem
474 2758 635 2818 noluisse
663 2759 823 2817 arbitror
850 2763 958 2834 atque
986 2759 1072 2818 haut
1096 2757 1156 2816 scic

164 2868 205 2910 an
233 2849 367 2925 partim
397 2865 516 2908 eorum
546 2848 698 2922 fuerint,
730 2849 791 2922 qui
821 2866 889 2906 non
919 2851 1063 2906 nostrae
1091 2863 1155 2906 cou-

162 2938 334 2996 tumeliae
357 2955 465 2998 causa
487 2936 524 2995 id
546 2937 731 2995 noluerint
755 2937 913 3010 evenire3
943 2937 1003 2996 sed
1026 2939 1109 2996 enin
1127 2929 1156 2989 id

122 3031 334 3100 usmetuere,
361 3021 444 3104 (ue)
468 3027 619 3088 sinemo
648 3029 742 3084 esset
768 3026 883 3100 homo,
913 3045 1014 3101 quem
1036 3040 1157 3084 verere·

163 3136 251 3190 mur,
284 3114 462 3191 quidquid
492 3114 644 3188 luberet,
676 3116 883 3174 faceremus.
934 3133 976 3172 ue
1007 3115 1068 3173 sub
1094 3111 1156 3170 solo

163 3207 314 3281 imperio
338 3208 462 3263 nostro
485 3205 523 3262 in
545 3206 723 3263 servitute
751 3208 877 3262 nostra
905 3211 1036 3278 essent,
1065 3202 1155 3261 libcr-

162 3296 253 3356 tatis
282 3312 365 3353 suae
394 3312 502 3354 causa
526 3295 563 3350 in
591 3312 630 3351 ea
658 3295 840 3352 sententia
867 3293 981 3352 fuisse
1009 3293 1156 3351 arbitror.

165 3387 271 3456 atque
294 3380 491 3441 Rodienses
514 3385 633 3440 tamen
656 3382 784 3441 Persen
814 3381 960 3457 publice
988 3394 1156 3456 numquam

125 3487 152 3526 uo
166 3469 343 3526 adiuvere.
381 3470 553 3544 cogitate,
575 3474 709 3546 quanto
727 3489 789 3528 nos
808 3472 985 3529 internos
1004 3467 1156 3545 privatin

166 3557 307 3612 cautius
330 3557 496 3630 facimus
540 3578 618 3616 nam
648 3578 738 3618 unus
767 3561 919 3634 quisque
946 3562 1111 3628 nostrum,
1132 3551 1156 3610 sl
