2442 3902
329 159 337 176 ι
399 197 435 254 M.
456 201 601 255 Terentius
621 200 709 253 Varro
997 199 1059 263 341

51 364 168 415 sturnam
188 378 205 414 a
224 360 321 414 multis
339 364 404 430 post
422 361 511 431 patris
530 364 649 415 mortem
665 360 751 414 etiam
766 378 840 414 nunc
855 360 1001 430 appellari.
1028 363 1063 430 cf.

52 434 107 487 lac.
126 435 158 488 dc
171 450 313 503 praecem.
329 438 354 488 3.
383 435 458 488 Prot.
476 434 573 489 Oorc'ol.
590 439 631 488 11.
663 434 755 504 Quint.
772 438 796 498 1,
811 438 836 498 4,
850 437 895 488 25.

120 539 214 595 tsine
233 557 336 593 xanum
428 545 443 592 5
462 540 589 594 Postumi
610 541 681 596 Ura:
702 539 834 594 Postume

509 692 602 750 *362

119 801 209 877 vulgo
238 819 371 876 purpura
400 799 506 858 latiore
534 800 653 858 tunicae
681 817 748 857 usos
778 800 945 858 invenimus
974 800 1064 858 etiam

52 908 221 964 praecones,
253 891 330 948 siout
359 892 475 964 patrem
502 888 534 946 L.
559 887 639 946 Aelii
667 887 791 946 Stilonis
821 888 997 946 Praeconini
1027 888 1064 947 ob

54 977 82 1035 id
107 979 315 1056 cognominati.

121 1078 195 1132 Plio.
210 1095 237 1131 n.
252 1079 278 1130 b.
293 1080 338 1143 33,
350 1081 389 1132 29
408 1075 485 1130 anuli
500 1075 652 1130 distinxere
667 1075 787 1132 alterum
802 1075 928 1130 ordinem
943 1094 959 1129 a
973 1075 1064 1146 plebe,

54 1151 83 1200 ut
102 1147 184 1202 semel
203 1150 355 1218 coeperant
373 1165 432 1202 esso
452 1145 588 1214 celebres,
612 1148 686 1202 sicut
703 1148 801 1202 tunica
820 1148 855 1202 ab
874 1147 966 1201 anulis
986 1165 1065 1202 sena-

54 1221 317 1355 }um3,251uamquam
336 1222 365 1273 ot
382 1220 436 1274 hoc
455 1235 524 1287 sero,
543 1235 667 1288 vulgoque
682 1244 783 1282 pumma
795 1253 822 1260 -
835 1234 993 1284 cognominati.
1030 1223 1064 1288 cf.

66 1307 86 1344 r.
157 1333 164 1345 .

506 1425 600 1483 *363

116 1532 275 1592 Proculum
298 1535 378 1592 inter
401 1533 577 1610 cognomina
600 1552 667 1590 eum
691 1533 803 1606 dicunt,
834 1534 886 1608 qui
909 1537 998 1591 natus
1022 1535 1067 1592 est

58 1625 135 1694 patre
164 1623 374 1699 peregrinante
405 1643 423 1681 a
452 1623 552 1698 patria
583 1622 695 1696 procul.
741 1622 883 1681 Proculos
914 1624 984 1681 sunt
1014 1623 1065 1697 qui

59 1711 172 1770 credant
200 1712 268 1770 ideo
296 1712 405 1786 dictos,
437 1714 509 1788 quic
538 1710 674 1786 patribus
703 1710 821 1770 senibus
850 1712 934 1786 quasi
962 1712 1067 1786 procul

59 1803 212 1878 progressis
237 1804 335 1861 aetate
359 1802 423 1860 nati
447 1802 524 1859 sunt.

124 1901 203 1955 Paul.
222 1901 296 1955 Feci.
316 1919 346 1970 Ρ.
365 1903 463 1967 22⁵,2
490 1914 609 1954 Proculum
623 1916 721 1953 -sunt
762 1900 796 1965 cf.
817 1901 892 1954 Plut.
914 1899 1011 1954 00νὶθῖ-
1033 1905 1066 1954 11

60 1969 195 2044 (συντυχίᾳ
210 1969 359 2040 γενέσεως).
392 1974 451 2026 Iac.
471 1971 504 2024 de
521 1986 660 2038 praestem.
671 1974 696 2023 3.
728 1970 1067 2036 OGLV607,11P10-

60 2039 131 2094 culus
145 2043 193 2110 qui
206 2047 288 2112 patre
303 2043 414 2113 longius
429 2040 626 2112 peregrinante
641 2041 776 2095 nascitur.
805 2043 839 2108 cf.
854 2041 935 2097 OGL
950 2043 993 2096 VI
1005 2045 1066 2097 135.

508 2213 601 2270 *364

120 2318 201 2378 laeva
233 2319 368 2394 sinistra,
406 2339 495 2394 quam
528 2318 633 2378 Graeci
665 2318 784 2392 onocoiv3
822 2317 901 2377 unde
938 2320 1067 2377 tractum

63 2423 215 2486 cognomen
240 2408 390 2467 Scaevola.

124 2508 202 2562 Paul.
218 2507 292 2562 Fet&
308 2524 338 2576 Ρ.
355 2511 416 2574 117,
432 2512 449 2560 6
467 2522 532 2562 laeva
545 2539 572 2545 -
586 2520 699 2561 Scaevola.
741 2507 829 2560 Varro
848 2507 880 2560 de
899 2508 916 2560 l.
936 2506 970 2560 L.
992 2509 1016 2571 7,
1031 2509 1068 2560 97

60 2577 146 2642 pueris
164 2577 305 2648 turpicula
322 2595 368 2632 res
386 2579 417 2632 in
437 2577 508 2633 collo
527 2578 666 2646 quaedam
681 2577 869 2646 suspenditur,
888 2577 1006 2646 nequid
1020 2577 1067 2630 ob-

61 2645 106 2713 sit,
132 2649 221 2703 bonae
249 2667 363 2704 coaevae
392 2667 477 2704 causa
504 2648 638 2704 Scaevola
666 2649 818 2719 appellata.
866 2666 899 2703 ea
927 2647 1004 2703 dicta
1033 2648 1068 2702 ab

61 2735 151 2774 scaeva
167 2721 196 2780 id
216 2725 259 2776 est
282 2721 397 2776 sinistra
415 2753 457 2774 -.
490 2720 521 2774 id
540 2738 557 2774 a
576 2720 682 2775 Graeco
702 2723 757 2788 est,
782 2721 857 2790 quod
875 2720 906 2774 hi
926 2719 1068 2775 sinistram

61 2796 152 2846 vocent
169 2792 279 2848 σκαιάν.
317 2795 351 2859 cf.
375 2795 445 2848 cht.
468 2793 545 2862 Popl.
561 2797 603 2848 17.
1037 2791 1038 2798 ’

125 2906 137 2954 1
157 2917 240 2955 sceau
259 2901 323 2955 boni
341 2901 417 2954 codd.

512 3051 607 3110 *365

121 3159 305 3236 pampinatio
328 3159 452 3219 inventa
474 3161 571 3234 primo
596 3159 712 3217 Stoloni
735 3158 818 3217 dedit
840 3177 955 3216 nomen.

124 3257 196 3311 Plr'ca
215 3275 244 3310 cr.
263 3259 289 3310 h.
311 3261 387 3324 17,7
413 3255 456 3310 ita
479 3257 569 3328 [stolo]
594 3255 756 3325 appellatur
778 3256 808 3309 in
831 3255 900 3325 ipsis
922 3256 1069 3311 arboribus

63 3325 195 3383 buticatio
213 3327 334 3394 inutilis,
352 3329 427 3382 unde
447 3331 475 3382 et
489 3343 627 3391 pampinatio
641 3361 668 3368 -
680 3354 768 3383 noman
792 3329 881 3382 Varro
894 3347 954 3388 m.
971 3334 995 3395 1,
1009 3333 1037 3394 2,
1052 3333 1069 3382 9

62 3399 104 3464 qui
133 3401 172 3471 [Ο.
193 3400 324 3455 Licinius
348 3400 434 3472 Stolo]
466 3403 582 3468 propter
611 3398 791 3469 diligentiam
823 3399 950 3454 culturae
978 3399 1069 3453 Stolo·

63 3485 124 3524 num
137 3472 312 3526 confirmavit
331 3487 493 3542 cognomen,
512 3472 588 3539 quod
607 3470 700 3524 nullus
719 3471 749 3524 in
768 3471 828 3525 eius
846 3471 934 3525 fundo
952 3470 1070 3540 reperiri

63 3545 161 3606 poterat
180 3543 261 3609 stolo,
281 3545 356 3612 quod
375 3542 527 3598 effodiebat
547 3543 651 3596 circum
670 3541 781 3596 arbores
802 3559 816 3596 e
835 3543 978 3598 radicibus
997 3559 1069 3614 quae

63 3617 231 3673 nascerentur
249 3632 264 3670 c
284 3613 351 3682 solo,
371 3631 440 3686 quos
460 3613 583 3670 stolones
602 3605 794 3684 appellabant.
1010 3615 1011 3620 ’
