2480 3904
405 201 441 254 M.
461 201 575 255 Verrius
594 201 711 256 Flaccus
1000 204 1063 267 521

537 373 581 429 27

119 511 241 551 amoena
264 494 329 552 loca
352 493 473 554 Verrius
493 496 616 555 Flaccus
640 496 721 554 dicta
744 497 787 554 ait
810 514 844 555 eo
868 496 947 571 quod
970 498 1067 556 solum

59 598 181 640 amorem
204 585 357 658 praestent
380 589 409 642 et
433 584 469 641 ad
494 579 567 661 <se>
591 585 718 643 amanda
742 585 885 644 alliciant.

121 689 189 743 Isid.
210 705 248 743 or.
264 695 308 756 14,
327 695 355 756 8,
374 695 410 745 33
428 716 522 745 amoena
535 724 562 731 —
576 707 687 757 aniciana
711 691 799 746 Varro
820 693 867 763 [fr.
887 693 960 764 413}
988 697 1066 748 Stric-

56 760 107 812 tiaa
129 761 210 813 Poal.
229 761 301 815 Fest.
321 780 352 830 p.
370 766 398 827 2,
417 767 435 815 9
457 779 575 816 amnena
599 763 676 817 dicta
700 766 765 817 suut
787 764 862 830 loca,
886 780 958 832 quae
982 765 1067 819 adse

56 831 172 884 amanda
190 831 319 886 alliciant
337 831 366 885 id
387 836 429 887 est
446 834 570 887 trahant.

122 962 136 1008 1
159 955 233 1010 Vera
248 957 301 1028 Fl.]
317 957 404 1012 Varro
423 965 448 1012 et
466 960 544 1027 infra
559 959 635 1013 Verr.
652 958 692 1012 Fl.
707 961 782 1014 codd.
790 981 800 1026 ;
817 961 865 1014 sed
882 962 917 1028 cf.
932 961 1004 1016 Serv.
1021 978 1066 1029 op.

57 1027 131 1082 Vcrr.
151 1030 167 1082 l.
187 1045 208 1082 c.
300 1034 315 1080 2
334 1031 479 1098 praestent
498 1047 552 1100 aa:
571 1033 719 1098 praestant
808 1049 837 1084 se
857 1032 920 1086 add.
940 1050 981 1103 oy.

537 1227 582 1284 28

117 1368 207 1424 quam
229 1348 352 1408 Verrius
376 1351 499 1409 Flaccus
523 1351 724 1426 Angeroniam
754 1352 812 1410 dici
840 1352 884 1411 ait
912 1353 991 1427 quod
1017 1373 1067 1411 an-

54 1456 136 1512 gores
160 1456 194 1496 ac
217 1438 431 1498 sollicitudines
456 1441 623 1498 animorum
645 1442 811 1517 propitiata
834 1442 973 1517 depellat.

121 1546 607 1612 Macrob.1,10,7qusm—oepenas
636 1548 956 1617 Paud.FeSt.p.17,11
977 1550 1068 1619 Ange-

53 1632 135 1670 ronae
155 1618 223 1670 deae
243 1633 321 1670 sacra
339 1634 356 1670 a
375 1617 509 1671 Romanis
528 1618 661 1672 instituta
679 1622 758 1687 sunt,
780 1637 843 1673 cum
863 1621 968 1690 angina
986 1637 1067 1674 omne

53 1705 139 1755 genus
158 1688 322 1741 animalium
343 1692 565 1754 consumeretur,
585 1691 663 1744 cuius
687 1691 760 1744 festa
779 1692 969 1761 Angeroualia
993 1693 1068 1746 dice-

54 1758 161 1812 bantur.
199 1761 233 1828 cf.
255 1761 342 1815 Varro
360 1762 393 1815 de
411 1761 428 1814 l.
448 1762 482 1814 L.
499 1767 524 1827 6,
538 1765 584 1816 23.
613 1763 645 1816 de
664 1764 837 1818 collocatione
855 1764 889 1830 cf.
910 1771 966 1819 test.
978 1770 1025 1818 10.

539 1959 582 2015 29

118 2080 241 2139 Verrius
265 2081 389 2140 Flaccus
413 2081 581 2157 iuniperum
604 2085 741 2141 iuvenem
764 2085 862 2159 pirum
887 2084 967 2142 dicit.

123 2189 195 2244 serv.
216 2188 292 2242 Dan.
313 2190 370 2242 buc.
393 2193 417 2255 7,
432 2193 468 2242 53
491 2203 584 2243 Verrius
597 2222 623 2228 —
637 2204 698 2243 aicit.
726 2206 789 2243 vere
809 2193 904 2244 autem
923 2190 1068 2260 iuniperus

52 2263 93 2312 est
117 2259 198 2327 quasi
222 2257 327 2313 aculeis
353 2260 483 2328 praedita
508 2260 593 2314 bacas
619 2262 657 2314 ad
681 2261 787 2330 piperis
812 2261 934 2330 speciem
959 2279 1067 2333 gerens.

52 2333 85 2397 cf.
105 2332 174 2386 laid.
195 2347 233 2385 or.
250 2336 294 2397 17,
310 2335 334 2397 7,
350 2336 393 2386 35.

540 2468 582 2524 30

119 2589 260 2648 diaeresis
289 2592 334 2648 est
358 2591 493 2664 quotiens
522 2609 582 2648 una
610 2590 727 2666 syllaba
754 2593 785 2647 in
814 2591 888 2648 duas
916 2591 1069 2666 dividitur,

52 2681 219 2752 synaeresis
243 2681 288 2736 est
307 2698 322 2736 e
341 2681 489 2737 contrario
514 2681 650 2754 quotiens
674 2679 749 2737 duae
771 2679 905 2754 syllabae
928 2681 959 2737 in
978 2701 1069 2739 unam

51 2768 278 2826 contrahuntur.
314 2786 385 2825 nam
404 2768 544 2827 diaeresis
564 2771 609 2826 est
633 2762 726 2846 [an.
742 2787 811 2826 ono.
827 2771 869 2826 33
885 2761 945 2847 V.²]
967 2764 1070 2827 ‘Albai

50 2851 167 2934 longai’
190 2875 244 2932 pro
269 2875 303 2915 ec
327 2856 406 2932 quod
426 2861 470 2916 est
495 2853 601 2916 ‘Albae
620 2852 747 2934 longae’‚
772 2860 806 2915 ut
825 2860 870 2917 est
892 2858 970 2915 illud
989 2859 1069 2935 apud

50 2945 219 3022 Vergilium
236 2939 323 3023 [Aea.
336 2947 363 3013 9,
375 2939 447 3024 26]:
463 2941 556 3006 ‘dives
571 2947 664 3022 pictai
678 2947 769 3005 vestis
784 2949 814 3004 et
828 2941 915 3022 auri',
932 2940 975 3025 [3,
989 2942 1067 3027 354]

52 3028 149 3093 ‘aulai
172 3035 269 3094 medio
289 3034 424 3095 libabant
446 3036 555 3111 pocula
573 3031 704 3094 Bacchi':
728 3055 789 3094 una
807 3035 924 3110 syllaba
944 3037 976 3093 in
996 3037 1069 3096 duas

50 3124 150 3183 divisa
173 3126 225 3182 esi.
267 3123 357 3202 legite
380 3125 520 3183 Verrium
542 3125 683 3184 Flaccum
707 3129 736 3183 et
759 3124 903 3184 Catonem
928 3119 978 3204 [cf.
1005 3127 1068 3186 Vol.

48 3206 174 3292 froom]
199 3212 293 3271 ebibi
315 3215 481 3272 invenietis.

124 3322 219 3390 Pomp.
244 3328 380 3375 commeat.
404 3338 432 3389 p.
452 3326 518 3388 297,
536 3326 575 3376 28
598 3337 704 3377 asserem
723 3354 750 3361 -
770 3335 893 3376 invenias.
930 3321 972 3375 ita
995 3322 1070 3376 enim

49 3392 214 3445 scribebant
238 3392 359 3446 maiores
384 3393 473 3446 nostri
499 3392 588 3460 aulai,
615 3409 631 3445 a
658 3395 686 3446 et
711 3393 728 3446 i.
767 3395 800 3446 dc
825 3395 981 3448 litteratura
1005 3395 1071 3448 boec

49 3471 132 3532 atque
156 3465 187 3517 ia
210 3465 279 3518 libro
302 3465 346 3518 Dc
373 3465 496 3519 obscuris
520 3464 633 3519 Catonis
659 3466 744 3531 faisse
771 3465 913 3531 bidentum
942 3465 1070 3520 encoma

48 3542 127 3602 cede,
151 3537 200 3604 qai
222 3537 303 3589 iacta
325 3536 450 3590 Veniam
475 3538 556 3604 quasi
577 3539 619 3590 rei
639 3539 834 3606 pneumaticas
857 3542 952 3592 auctor
974 3554 1070 3592 admo-

48 3613 140 3674 ratar,
160 3608 193 3661 P.
212 3607 350 3661 Valeriam
369 3624 423 3663 esse
442 3609 489 3662 oin
507 3609 632 3662 credibile
651 3615 696 3662 est.
1064 3664 1077 3694 a
