2442 3902
148 177 214 243 304
299 177 505 233 Grammaticus
524 178 625 232 aetatis
645 177 836 233 Varronianus
855 177 1015 248 fragmenta

147 349 279 406 moretur
309 350 339 405 et
368 348 493 406 iunctim
524 347 660 422 quamvis
689 348 721 404 in
753 347 857 406 multis
887 347 1013 422 syllabis
1044 346 1161 406 residat.
1217 385 1218 390 κ

149 438 288 512 quocirca
319 456 424 513 graves
456 454 578 495 numero
611 438 682 494 sunt
713 436 826 511 plures,
863 437 1020 512 pauciores
1053 439 1162 508 acutae,

148 526 240 584 flexae
263 526 440 585 rarissimae.

95 638 134 678 ros
216 625 320 682 acutae
351 626 423 682 nota
451 625 495 682 est
522 624 642 700 virgula
669 643 687 683 a
714 625 835 682 sinistra
864 626 950 698 parte
980 623 1162 681 dextrorsum

149 711 274 771 sublime
297 713 455 789 fastigata3
483 711 583 790 gravis
608 715 708 771 autem
730 715 856 771 notatur
877 713 971 770 simili
993 713 1116 788 virgula
1137 714 1162 769 in

149 796 324 878 ea<m>dem
342 796 500 879 parte<m>
518 800 658 877 depressa
674 801 806 878 fastigio.
844 820 920 877 quae
938 803 1030 859 notae
1049 800 1163 858 demon·

149 893 247 949 strant
265 909 382 949 omnem
406 892 524 950 acutam
543 909 645 949 vocem
666 909 784 950 sursum
808 907 870 948 esse
889 893 919 948 et
941 909 1068 967 gravem
1087 890 1163 948 deor-

149 999 222 1038 sum.
268 981 367 1056 ipsum
395 980 486 1038 etiam
515 982 694 1040 musicorum
723 979 846 1038 docetur
874 979 1110 1056 diagrammate,
1139 981 1163 1035 in

96 1083 135 1123 no
150 1087 208 1144 quo
227 1069 307 1144 tropi
331 1088 385 1144 pro
409 1070 543 1128 acumine
563 1087 668 1128 vocum
691 1069 858 1144 superiores
881 1068 1065 1144 scribuntur,
1090 1067 1164 1126 deni·

150 1177 206 1233 que
230 1176 360 1216 summus
384 1157 587 1234 hyperlydius,
611 1159 682 1234 quia
706 1157 903 1233 acutissimus,
931 1157 1052 1216 infimus
1077 1158 1164 1233 hypo·

150 1247 259 1321 dorius,
282 1266 340 1322 quo
359 1246 459 1305 nullus
479 1249 523 1305 est
542 1249 670 1324 gravior.
707 1246 783 1306 flexa
802 1250 902 1305 autem
920 1247 1074 1321 prosodia,
1094 1243 1165 1321 quod

150 1335 259 1410 duplex
278 1338 323 1394 est
342 1338 372 1394 et
391 1355 425 1395 ex
444 1337 532 1395 acuta
551 1336 695 1412 gravique
713 1335 791 1410 ficta,
815 1338 919 1395 notam
941 1335 1034 1394 habet
1057 1334 1166 1394 nomini

150 1426 352 1500 potestatique
382 1426 621 1501 respondentem3
653 1445 723 1484 nam
753 1444 770 1483 a
797 1427 917 1484 sinistro
948 1443 1017 1482 oum
1047 1442 1166 1502 surgens

97 1514 244 1572 niardus
275 1515 399 1591 fastigio
430 1517 459 1573 et
489 1533 605 1573 sursum
635 1514 719 1573 molli
751 1516 911 1573 curvatura
943 1514 1167 1574 dextroversum

149 1603 225 1661 flexa
243 1603 401 1679 praecipiti
418 1604 494 1662 clivo
509 1604 686 1678 deprimitur
703 1605 734 1661 et
748 1605 876 1680 speciem
892 1621 1006 1678 pronae
1022 1621 1039 1662 c
1053 1603 1168 1662 litterae
1218 1633 1219 1668 v

151 1692 250 1766 efficit,
280 1694 410 1768 priorem
434 1695 554 1751 acutam
578 1694 607 1750 et
630 1695 824 1768 posteriorem
847 1711 969 1768 gravem
992 1692 1053 1750 sibi
1076 1693 1167 1750 inesse
1217 1673 1219 1702 ¹

151 1780 306 1859 significat.
332 1813 373 1821 —

218 1878 289 1938 ordo
313 1882 344 1937 in
369 1878 537 1939 accentibus
560 1898 619 1938 non
644 1878 823 1953 adtenditur,
848 1898 952 1937 verum
975 1881 1070 1953 varie,
1094 1895 1168 1937 nunc

98 1983 137 2024 mo
151 1987 286 2045 gravem,
313 1988 391 2027 nuno
415 1971 548 2042 acutum,
576 1987 635 2027 non
658 1987 820 2043 numquam
847 1967 956 2026 flexum
982 1968 1084 2042 primo
1107 1969 1168 2026 loco

150 2056 223 2133 poni
251 2057 373 2115 dubium
396 2077 455 2116 non
478 2058 592 2133 recipit.
620 2089 658 2098 —
683 2056 839 2134 longitudo
868 2055 1026 2116 verborum
1054 2056 1169 2116 duabus

150 2146 182 2203 in
204 2146 292 2205 rebus
316 2149 369 2220 est,
394 2149 526 2222 tempore
550 2148 580 2205 et
602 2145 734 2222 syllabis.
781 2149 899 2222 tempus
923 2145 961 2204 ad
983 2146 1169 2220 rhythmicos

151 2237 290 2311 pertinet,
309 2235 441 2310 syllabae
462 2235 499 2294 ad
517 2236 662 2294 metricos.
695 2236 774 2294 inter
787 2235 971 2310 rhythmicos
986 2238 1016 2293 et
1030 2238 1169 2294 metricos

153 2325 295 2383 dissensio
309 2344 369 2383 non
384 2325 467 2383 nulla
482 2327 534 2399 est,
554 2324 633 2399 quod
652 2324 814 2400 rhythmici
826 2325 858 2381 in
877 2342 967 2382 versu
979 2324 1170 2402 longitudine

98 2430 137 2470 iu
151 2416 232 2472 vocis
268 2416 404 2490 tempora
441 2414 605 2472 metiuntur
637 2416 667 2472 et
699 2413 786 2472 huius
823 2431 978 2472 mensurae
1014 2413 1170 2472 modulum

151 2504 266 2561 faciunt
297 2505 413 2580 tempus
446 2502 665 2577 brevissimum,
698 2503 730 2561 in
759 2521 818 2578 quo
848 2520 915 2560 cum
945 2520 1021 2578 quae
1053 2500 1171 2578 syllaba

152 2594 307 2651 enuntiata
339 2593 391 2666 sit,
427 2591 546 2650 brevem
578 2594 687 2651 vocari.
739 2593 856 2649 metrici
891 2594 991 2651 autem
1027 2609 1170 2649 versuum

151 2700 320 2740 mensiuam
341 2680 464 2756 syllabis
483 2681 727 2758 conprehendunt
746 2684 775 2739 et
797 2681 885 2739 huius
903 2679 1060 2738 modulum
1079 2682 1171 2756 sylla·

152 2769 221 2828 bam
248 2769 368 2828 brevem
391 2769 583 2829 arbitrantur.
629 2772 747 2846 tempus
771 2773 871 2829 autem
893 2769 1105 2828 brevissimum
1128 2773 1171 2828 in-

99 2877 138 2919 rso
152 2859 263 2937 tellegi,
290 2859 369 2934 quod
394 2853 671 2936 enuntiatione<m>
694 2860 884 2918 brevissimae
908 2857 1042 2934 syllabae
1066 2859 1171 2918 cohae-

152 2967 220 3007 rens
243 2947 464 3023 adaequaverit.
506 2949 609 3024 itaque
633 2947 795 3024 rhythmici
817 2948 1000 3023 temporibus
1026 2947 1172 3022 syllabas,

152 3037 268 3096 metrici
290 3040 425 3112 tempora
449 3037 572 3112 syllabis
594 3037 710 3096 finiunt.

223 3153 336 3224 [Serpit]
359 3156 430 3222 erpi.
453 3155 485 3207 iu
509 3155 582 3208 Dou.
602 3171 634 3222 p.
654 3158 716 3220 529,
736 3159 751 3207 1
775 3171 831 3216 quot
849 3167 915 3222 ergo
933 3168 979 3207 unt
996 3167 1118 3214 pro-oum
1138 3183 1171 3192 -

152 3243 190 3279 est.
205 3257 231 3264 -
245 3237 404 3280 Athenodorus
418 3256 444 3265 -
458 3239 552 3280 inferior
564 3240 624 3280 inter
636 3251 665 3279 se.
694 3225 743 3279 sed
759 3226 813 3278 hoc
827 3224 938 3277 mediae
952 3222 1104 3292 prosodiae
1124 3223 1171 3294 [de

151 3295 246 3349 media
259 3295 391 3364 prosodia
405 3297 445 3351 cd.
462 3297 589 3368 Vindob]
609 3297 687 3362 satis,
707 3313 762 3363 quo
781 3295 844 3363 quis
864 3295 936 3349 sciat
954 3311 1014 3349 essa
1032 3309 1172 3362 quaeren-

153 3367 227 3419 dam.
247 3397 280 3405 —
300 3367 368 3436 [tres
387 3368 533 3435 prosodias
552 3367 582 3419 in
600 3385 652 3420 usu
671 3384 730 3420 esse
749 3365 820 3421 scire
839 3368 950 3435 oportet
969 3368 998 3420 et
1012 3385 1028 3418 a
1043 3383 1059 3418 e
1074 3365 1171 3420 media

154 3438 261 3500 autam,
285 3451 356 3501 quae
379 3437 454 3490 inter
476 3438 546 3490 duas
565 3437 646 3505 quasi
664 3437 745 3492 limes
764 3439 815 3503 est,
834 3438 910 3504 quod
928 3437 1065 3519 gravioris
1084 3455 1170 3506 quam

154 3504 287 3557 acutioris
301 3505 419 3560 similior
433 3509 483 3572 est,
502 3508 532 3559 in
546 3507 685 3562 inferioris
699 3507 793 3576 potius
808 3524 893 3575 quam
907 3508 1059 3577 superroris
1073 3525 1170 3562 nnme-

154 3588 215 3622 rum
233 3572 381 3641 relegatur.
419 3576 448 3628 in
466 3577 520 3630 hoo
539 3578 614 3630 enim
633 3578 692 3632 fere
710 3577 934 3632 doctissimorum
953 3595 1103 3633 consensus
1119 3583 1170 3646 est,
