2442 3902
420 169 457 224 M.
477 169 624 222 Terentius
645 169 730 222 Varro
1017 168 1083 233 359

62 337 185 412 partis
213 337 389 396 disiectus
418 338 480 410 sit,
511 337 740 397 dimidiatum
763 357 841 397 eum
864 357 939 397 esse
964 337 1082 397 dicere

61 426 238 502 scyphum
262 425 385 501 debeo,
414 446 481 485 non
504 426 704 501 dimidium,
735 429 923 504 argentum
951 431 1081 502 autem,

62 515 160 589 quod
190 517 227 574 in
258 535 297 574 eo
330 516 462 592 scypho
492 518 602 591 inest,
634 515 821 574 dimidium
851 535 963 574 meum
993 534 1082 590 esse,

62 623 136 662 non
175 604 419 678 dimidiatum,
461 603 636 680 disseritque
674 623 708 664 ac
745 605 852 664 dividit
889 605 1082 664 subtilissime

63 692 141 767 quid
169 693 325 752 dimidium
352 693 508 752 dimidiato
535 695 667 768 intersit,
698 696 728 752 et
751 693 784 762 Q.
804 695 935 752 Ennium
956 696 1083 753 scienter
1098 705 1122 745 1⁵

62 782 121 840 hoc
142 783 175 839 in
193 782 350 840 annalibus
369 783 477 858 dixisse
497 784 540 840 ait
560 780 640 858 [536
656 775 729 858 V.²]:
753 779 857 842 ‘sicuti
875 783 900 842 si
920 784 987 859 quis
1006 783 1083 842 ferat

63 890 125 929 vas*
140 873 204 929 vini
222 867 436 930 dimidiatum&
470 874 558 930 sicuti
581 891 650 947 pars
670 890 746 948 quae
770 872 851 931 deest
875 873 902 931 ei
920 890 1000 947 vaso,
1023 891 1083 930 non

63 959 225 1020 dimidiata
246 961 369 1019 dicenda
389 963 442 1034 est,
467 961 517 1018 sed
536 960 669 1019 dimidia.
712 961 807 1019 omnis
827 964 927 1020 autem
950 960 1083 1036 disputa·

64 1051 162 1109 tionis
189 1051 265 1123 eius,
295 1068 386 1126 quam
414 1049 565 1108 subtiliter
592 1050 725 1125 quidem,
756 1049 806 1108 sed
834 1051 1012 1109 subobscure
1036 1069 1084 1108 ex-

64 1139 171 1212 plieat,
192 1158 307 1198 summa
324 1139 398 1198 haec
416 1142 473 1197 est:
497 1139 686 1198 dimidiatum
705 1142 749 1198 est
769 1141 855 1215 quasi
873 1138 1084 1198 dismediatum
1098 1152 1124 1192 ²0

66 1231 97 1285 et
127 1230 161 1284 in
187 1229 282 1304 partis
313 1228 395 1288 duaa.
416 1246 501 1304 pares
532 1229 674 1302 divisum,
705 1228 894 1286 dimidiatum
924 1247 994 1307 ergo
1024 1229 1084 1288 nisi

66 1318 180 1391 ipsum,
210 1317 290 1392 quod
318 1316 447 1376 divisum
474 1320 531 1390 est,
559 1317 617 1375 dici
644 1319 719 1376 haut
746 1319 897 1392 convenit,
927 1317 1084 1376 dimidium

68 1424 139 1464 vero
168 1409 219 1480 est,
248 1425 307 1464 non
337 1406 415 1481 quod
442 1407 541 1481 ipsum
569 1407 759 1464 dimidiatum
787 1410 840 1480 est,
871 1406 922 1466 sed
945 1423 1021 1482 quae
1049 1425 1084 1464 ex

67 1493 226 1553 dimidiato
254 1512 323 1571 pars
353 1496 447 1554 altera
475 1497 527 1554 est.
574 1515 642 1554 cum
669 1497 762 1572 igitur
790 1499 906 1571 partem
930 1495 1084 1553 dimidiam

68 1583 138 1642 libri
162 1585 268 1662 legisse
292 1584 428 1643 volumus
451 1583 548 1643 dicere
571 1588 624 1643 aut
647 1587 763 1659 partem
785 1585 941 1644 dimidiam
963 1585 1083 1643 fabulae
1098 1599 1123 1638 25

70 1672 198 1748 audisse,
236 1674 262 1731 si
295 1669 461 1732 ‘dimidiam
494 1668 639 1732 fabulam'
673 1677 726 1733 aut
762 1669 931 1733 ‘dimidium
962 1669 1083 1732 librum'

70 1761 204 1837 dicimus,
231 1780 400 1838 peccamus3
427 1765 526 1821 totum
554 1764 633 1821 euim
659 1765 758 1839 ipsum
786 1763 865 1838 quod
894 1763 1084 1822 dimidiatum

70 1855 161 1926 atque
183 1851 312 1910 divisum
336 1854 389 1925 est,
413 1850 569 1910 dimidium
588 1852 670 1910 dicis.
706 1855 811 1927 itaque
829 1852 963 1910 Lucilius
981 1852 1085 1911 eadem

72 1944 188 2000 secutus
208 1935 313 2020 [1342
321 1934 415 2018 Mu.]:
436 1935 506 1998 ‘uno
521 1937 618 1999 oculo'
638 1941 738 2015 inquit
757 1937 952 2016 ‘pedibusque
970 1942 1084 2001 duobus

73 2028 244 2088 dimidiatus
266 2022 280 2108 s
300 2032 334 2086 ut
352 2025 480 2105 porcus'3
503 2036 534 2088 et
553 2030 611 2088 alio
630 2030 695 2088 loco
718 2024 923 2109 [1283Mu.]:
949 2026 1086 2106 ‘quidni?
1099 2044 1125 2084 ³⁰

72 2120 100 2175 et
114 2123 213 2202 scruta,¹
228 2118 349 2195 quidem
367 2120 401 2175 ut
415 2117 525 2176 vendat
544 2119 706 2177 scrutarius
725 2121 838 2194 laudat,
854 2117 867 2198 f
884 2115 1085 2195 praefractam

74 2209 227 2286 strigilem,
251 2208 363 2266 soleam
385 2208 528 2282 inprobus
552 2204 760 2267 dimidiatam'.
806 2211 921 2266 iamin
944 2210 1084 2267 vicesimo

72 2297 256 2356 manifestius
286 2292 452 2354 ‘dimidiam
480 2293 598 2355 horam'
629 2296 725 2356 dicere
753 2297 884 2356 studiose
912 2298 1003 2375 fugit,
1034 2297 1085 2356 sed

73 2403 123 2458 pro
147 2385 271 2444 dimidia
296 2385 452 2444 dimidium
474 2388 560 2461 ponit
582 2387 614 2444 in
634 2386 714 2444 hisce
737 2387 870 2445 versibus
896 2380 978 2464 [571
991 2381 1084 2464 Mu.]:

74 2468 259 2551 ‘tempestate
278 2493 332 2533 sua
352 2478 441 2550 atque
460 2475 564 2534 eodem
583 2494 642 2533 uno
662 2479 795 2550 tempore
815 2480 845 2533 et
863 2476 954 2534 horae
970 2469 983 2554 l
999 2475 1085 2534 dimi-
1099 2489 1124 2528 as

74 2562 120 2622 dio
144 2568 174 2622 et
195 2564 293 2622 tribus
317 2565 458 2622 confectis
482 2564 552 2621 dum
574 2567 660 2622 taxat
684 2565 808 2622 eandem
828 2557 842 2644 s
863 2563 900 2622 ad
924 2560 1084 2639 quartam’.

136 2692 206 2730 nem
230 2690 296 2729 cum
321 2670 441 2729 obvium
468 2672 695 2746 proximumque
724 2674 801 2730 esset
824 2671 921 2729 dicere
950 2666 1085 2730 ‘dimidia

74 2763 101 2818 et
127 2761 223 2820 tribus
252 2755 419 2834 confectis',
452 2760 576 2836 vigilate
608 2763 698 2834 atque
729 2763 842 2819 attente
872 2759 996 2820 verbum
1026 2780 1085 2818 non

74 2850 195 2923 probum
218 2849 336 2908 vitavit.
380 2869 434 2924 per
457 2849 536 2924 quod
559 2851 632 2908 satis
658 2852 782 2925 apparet
805 2868 841 2907 ne
867 2845 993 2907 ‘horam'
1018 2852 1083 2924 qui-

74 2937 136 2998 dem
164 2933 342 2996 ‘dimidiam'
371 2941 450 3008 reete
478 2937 549 3011 dici,
582 2938 633 2996 sed
663 2938 710 2996 vel
739 2932 939 2997 ‘dimidiatam
968 2933 1084 2997 horam’
1099 2956 1125 2996 so

76 3029 119 3086 vel
142 3023 309 3090 ‘dimidiam
337 3029 453 3102 partem
475 3022 587 3085 horae'.
633 3030 792 3102 propterea
815 3027 939 3086 Plautus
967 3047 1085 3104 quoque

75 3117 103 3174 in
118 3115 316 3177 Bacchidibus
338 3111 452 3195 [1189]
474 3110 641 3174 ‘dimidium
661 3111 737 3174 auri’
756 3116 838 3190 dicit,
857 3137 916 3174 non
936 3112 1085 3174 ‘dimidia-

75 3207 135 3264 tum
162 3199 289 3280 aurum'3
322 3206 395 3264 item
422 3207 454 3263 in
481 3205 640 3262 Aulularia
673 3201 841 3263 ‘dimidium
869 3200 994 3279 obsoni',
1026 3224 1085 3264 non

75 3287 273 3354 ‘dimidiatum
305 3289 487 3366 obsonium'‚
519 3295 548 3350 iu
584 3295 638 3352 hoc
670 3313 758 3354 versu
791 3288 899 3372 [291]:
935 3290 979 3352 ‘ei
1011 3294 1084 3352 adeo

76 3385 172 3443 obsoni
202 3385 251 3442 hie
281 3383 369 3443 iussit
396 3381 553 3440 dimidium
580 3377 667 3457 dari'3
697 3386 729 3441 in
756 3384 954 3442 Menaechmis
985 3387 1125 3442 autemus

76 3467 272 3532 ‘dimidiatum
300 3467 398 3547 diem',
426 3492 486 3531 non
515 3467 693 3530 ‘dimidium'
722 3473 754 3529 in
782 3473 837 3531 hoc
865 3491 953 3531 versu
976 3466 1083 3550 [157]:

75 3556 143 3622 ‘dies
168 3564 289 3639 quidem
310 3561 372 3620 iam
396 3561 434 3620 ad
456 3561 631 3620 umbilicum
654 3561 828 3620 dimidiatus
851 3555 1023 3620 mortuust.'
