2534 3908
487 129 515 184 L.
534 129 637 182 Accius
1027 129 1070 192 31

76 289 112 341 vel
124 288 224 344 sublato
244 291 322 360 apice
344 290 530 360 longitudinis
550 292 578 345 et
596 290 743 344 brevitatis
762 292 830 344 nota
845 291 940 358 posset
955 291 1072 344 ostendi.

78 360 155 429 Quint.
169 367 197 428 1,
211 367 241 428 7,
255 368 290 417 14
313 361 489 416 semivocalis
512 362 656 433 geminare
680 362 728 414 diu
747 378 803 415 non
822 361 877 414 fuit
895 361 1074 415 usitatissimi

75 432 156 498 moris,
178 434 261 500 atque
285 449 300 487 e
324 434 464 487 contrario
487 451 575 501 usque
599 434 635 486 ad
656 433 772 487 Accium
792 435 820 486 et
838 433 914 486 ultra
931 436 1073 500 porrectas

77 502 183 570 syllabas
201 505 330 574 geminis,
349 508 381 558 ut
400 505 468 572 dixi,
487 503 630 558 vocalibus
650 505 827 572 scripserunt.
855 506 889 571 cf.
905 504 943 558 id.
959 510 984 570 1,
998 509 1024 570 4,
1038 511 1074 559 10

77 575 179 641 (dilecti
195 593 236 644 op.
252 579 347 641 4,142
370 577 436 630 ada.
452 580 477 642 3,
493 579 566 646 720).
604 577 657 630 Vel.
674 577 761 646 Loaq.
777 593 807 644 p.
823 579 918 642 55,25
937 593 1004 630 nam
1021 593 1074 630 nec

76 646 175 699 Accium
196 647 286 701 secuti
309 665 403 700 sumus
423 663 532 715 semper
550 647 659 701 vocales
677 648 881 715 geminantem,
904 646 1075 714 ubicumque

76 718 220 784 producitur
238 718 357 787 syllaba,
377 719 510 786 quoniam
529 719 661 787 expedita
680 719 764 772 debet
783 734 843 772 esse
862 718 989 773 condicio
1008 719 1074 772 scri·

78 786 157 842 bendi.
188 791 263 844 Mar.
285 791 352 844 Vici.
363 808 393 859 p.
409 794 441 856 8,
457 793 491 844 13
510 807 573 843 cum
590 789 677 858 longa
696 789 806 858 syllaba
825 789 974 844 scribenda
993 792 1075 858 esset,

78 859 133 912 duas
161 861 267 915 vocales
301 861 426 933 [Accius]
458 859 582 930 ponebat
616 860 722 931 [·bant
749 862 841 915 codd:
872 879 919 916 em.
947 863 1075 933 Brisaei

76 933 252 999 praeterquam
271 949 344 1000 quae
362 933 417 986 ini
435 932 560 986 litteram
578 933 750 999 inciderant;
769 932 842 986 hanc
862 933 936 985 enim
952 934 1076 1000 parcet

77 1001 222 1057 iscribebat
238 1003 329 1074 [bant
343 1005 442 1075 codd}
471 1005 558 1059 Prisc.
569 1021 599 1072 p.
614 1007 708 1071 298,4
722 1005 828 1058 veteres
843 1004 853 1057 i
866 1004 988 1071 finalem,
1003 1021 1076 1072 quae
1149 1052 1151 1058 .

78 1075 111 1124 est
127 1073 212 1146 longa,
231 1091 282 1144 per
296 1077 322 1128 ei
340 1075 527 1146 dipthongum
545 1074 714 1141 scribebant,
734 1075 833 1146 longas
853 1076 947 1130 autem
966 1075 1075 1130 vocales

77 1147 238 1199 vetustissimi
259 1147 346 1201 etiam
365 1147 508 1216 geminare
528 1146 664 1201 solebant.
697 1147 729 1200 id
747 1147 813 1201 ibid.
831 1152 867 1200 10
885 1147 1075 1213 vetustissimi,

79 1217 190 1285 utsupra
209 1218 338 1284 diximus,
357 1235 408 1286 pro
422 1235 479 1271 una
497 1217 582 1287 longa
600 1217 692 1272 vocali
710 1218 839 1272 solebant
858 1219 926 1271 duas
947 1218 1075 1272 scribere.

78 1287 137 1342 tanc
156 1291 374 1344 consuetudinem
392 1307 411 1342 a
429 1307 443 1342 e
460 1309 480 1344 a
499 1291 642 1360 loaparam
668 1291 830 1360 pemiaaadi
852 1290 959 1344 Raucae
984 1291 1078 1345 docuit

79 1359 261 1430 (apiliaco.)
271 1363 306 1414 ab
319 1361 394 1416 Oscis
403 1368 540 1429 acceptam
549 1378 610 1427 esse,
626 1362 670 1430 (cf.
681 1363 763 1415 etiam
772 1361 891 1426 Jordan,
902 1362 975 1416 Krit.
987 1363 1074 1416 Beitr.

80 1429 163 1484 Berlin
176 1437 247 1487 1879
260 1450 291 1501 p.
307 1435 380 1501 125),
413 1433 506 1486 eadem
524 1434 580 1486 iam
599 1432 664 1486 iada
682 1433 717 1486 ab
736 1451 761 1486 a.
778 1431 907 1500 622s132
925 1434 956 1485 ia
971 1433 1078 1502 Popilii

79 1502 182 1557 aeiliario
205 1505 263 1572 (οΙ
265 1506 291 1558 L
310 1507 398 1559 1551
419 1505 572 1572 pauciores)
596 1521 735 1574 appareas
757 1521 841 1572 aeque
864 1504 901 1556 cd
924 1522 950 1558 a.
970 1506 1078 1558 circiter

80 1573 172 1643 iiom
195 1576 285 1644 cipait
308 1577 476 1644 alanosque
500 1577 608 1630 mansit.
655 1577 736 1644 (eatae
761 1591 859 1630 ruasas
879 1582 975 1644 postea
1000 1577 1077 1644 apud

81 1642 188 1699 Plinium
206 1645 356 1701 arciorem?
387 1649 422 1714 cf.
441 1647 590 1713 Deilefsea,
612 1648 696 1718 symb.
710 1648 780 1714 phil.
794 1646 880 1700 Boua
890 1664 920 1714 p.
937 1650 1010 1713 712).
1044 1646 1077 1700 de

81 1714 128 1768 eice
147 1718 175 1770 ia
198 1719 250 1788 leye
268 1718 339 1771 XII
354 1719 408 1772 tab.
427 1719 548 1788 casticiis
566 1719 600 1784 cf.
621 1717 774 1783 RSclroell,
798 1718 846 1787 lep.
862 1719 931 1770 XII
945 1719 999 1773 tab.
1018 1719 1076 1774 reli.

79 1801 104 1852 p.
113 1790 180 1856 disq.
202 1796 295 1843 atram
309 1789 381 1844 idem
395 1806 451 1843 mos
462 1790 600 1857 peculiari
613 1791 645 1844 ia
659 1790 728 1844 libro
742 1806 781 1843 aa
794 1789 826 1842 ia
835 1790 1023 1843 Didascalicis
1036 1790 1078 1843 cel

81 1856 245 1928 Prapmaticia
257 1861 468 1926 cmaawadatae,
483 1862 634 1916 acisclum
647 1862 679 1914 ia
690 1861 831 1916 scribendo
846 1862 881 1914 ab
891 1862 975 1915 Accio
989 1862 1076 1915 acita-

81 1933 117 1982 tae
126 1932 164 1996 sil,
180 1931 234 1986 dici
247 1948 304 1986 aaa
315 1939 416 2000 potest:
434 1949 504 2000 qaae
518 1933 610 1986 eadem
624 1934 746 2002 quaestio
760 1932 837 1986 cadit
849 1932 880 1985 ia
893 1932 929 1998 si.
939 1935 986 1998 23,
995 1935 1076 2001 2589.

111 2035 217 2106 llonga
235 2040 320 2094 Bora.

415 2184 721 2268 apuam

135 2313 235 2459 {ocius
255 2334 321 2373 oum
340 2314 483 2374 scriberet
502 2315 607 2392 anguis
626 2315 764 2392 angulus,
783 2309 933 2394 <agguis>
948 2314 1079 2392 aggelus

81 2417 144 2470 pone
163 2405 201 2464 at.

140 2502 210 2556 Mar.
232 2503 299 2557 Vici.
314 2519 344 2570 Ρ.
360 2508 435 2568 8,11
454 2515 537 2557 Accius
555 2517 619 2556 Vero
637 2528 688 2556 cum
702 2534 737 2541 —
751 2517 855 2564 ponebat.
886 2503 923 2556 id.
939 2520 969 2571 1).
985 2506 1077 2567 19,11

80 2583 167 2638 anceps
194 2573 298 2627 ancilla
319 2573 439 2644 Angitia
467 2575 618 2644 angustum
645 2574 770 2642 anquirit
796 2589 898 2627 ancora
921 2573 994 2644 [auc.
1014 2573 1079 2627 add.

80 2638 172 2697 aeaeae
187 2662 220 2699 ea·
237 2645 305 2699 Vici.
325 2646 456 2713 inferiore
475 2645 544 2717 loco]
559 2649 578 2712 †
595 2662 652 2699 non
670 2644 779 2698 iudicat
798 2645 940 2716 [lacunam
957 2645 1080 2714 ciqamrit

82 2711 137 2767 Keil
155 2715 209 2769 iam
227 2716 288 2769 dixi
307 2715 423 2770 Accium
446 2734 501 2770 non
521 2716 580 2787 Ili]
605 2733 658 2784 per
676 2733 720 2782 an,
744 2716 794 2770 sed
815 2733 891 2770 more
911 2715 1079 2769 Graecorum

80 2797 174 2854 perag
196 2787 309 2841 solitum
332 2787 452 2841 scribere
476 2795 522 2843 etc.
542 2789 634 2843 eadem
656 2789 743 2842 tradit
766 2789 853 2843 Prisc.
874 2805 903 2856 p.
918 2792 962 2854 30,
987 2789 1023 2840 15
1046 2803 1080 2840 ea

87 2852 152 2909 Vara
173 2859 204 2913 de
230 2860 298 2930 oric.
327 2860 392 2929 iiap.
423 2861 487 2915 Lat.
507 2861 532 2913 Ι.
578 2859 612 2926 cf.
638 2861 716 2914 Mar.
746 2860 812 2913 Viet.
837 2876 866 2927 p.
887 2863 932 2925 16,
947 2863 1007 2926 deq.
1045 2859 1078 2912 de

81 2926 235 2984 collocatione
252 2931 288 2996 fr.
308 2931 344 2996 cf.
362 2932 398 2997 fr.
413 2934 458 2985 24.

141 3023 153 3068 1
185 3019 284 3090 anguis
317 3021 434 3090 anguies
468 3019 583 3090 angulas
615 3039 642 3089 p.
676 3020 765 3074 codd:
809 3018 927 3089 angulus
960 3017 1081 3087 aggulus

81 3088 344 3217 wpclelmpplffi
361 3091 486 3162 aggucis,
513 3107 597 3161 agma
615 3092 814 3159 interponebat
832 3090 941 3161 Schadp
965 3091 1080 3144 Usenero

415 3307 720 3394 apuam

107 3435 207 3586 strigem
238 3433 375 3519 [Accius]
405 3457 460 3499 nec
490 3460 505 3497 z
534 3439 668 3498 litteram
698 3457 752 3497 nec
781 3457 801 3513 y
829 3439 861 3494 in
890 3435 983 3494 libros
1011 3453 1082 3494 suos

81 3539 106 3578 re
160 3529 187 3586 't
