2460 3900
168 204 232 267 146
314 205 521 261 Grammaticae
540 206 643 261 aetatis
662 206 855 261 Varronisnae
874 206 1033 275 fragmenta
1127 249 1129 258 ,
1206 67 1215 333 ς

561 379 578 433 1
606 370 639 454 [1
663 369 792 454 saetae]

233 481 281 537 lib.
296 481 323 538 I.
355 482 388 538 in
406 483 553 541 maxumis
572 482 819 558 occupationibus
838 482 876 540 ad
894 485 925 540 te
942 483 1042 558 ipsum
1061 475 1178 559 [Cicero-

165 563 245 648 nem]
266 569 301 628 de
316 571 489 629 —ratione
508 571 602 629 latine
625 571 767 647 loquendi
788 572 1020 630 accuratissume
1039 571 1179 646 scripserit

169 652 308 737 [Caesar]
345 661 501 734 primoque
532 661 565 716 in
596 659 673 718 libro
706 661 817 719 disent
853 660 1013 719 verborum
1049 659 1179 718 dilectum

168 747 315 823 originem
348 765 409 806 esse
443 749 631 824 eloquentiae
663 749 876 824 tribueritque,
908 751 951 807 mi
981 748 1091 823 Brute,
1122 748 1179 804 huie

142 840 269 895 anostro
309 830 489 916 [Ciceront],
532 838 584 913 qui
624 857 672 896 me
709 839 745 896 de
787 839 841 896 illo
882 838 993 896 maluit
1034 856 1125 914 quam
1157 853 1179 893 se

170 924 275 1000 dicere,
303 925 422 984 laudem
450 927 646 1004 singularem3
676 946 748 985 nam
770 927 892 1002 scripsit
918 927 965 986 his
989 927 1098 1002 verbis,
1125 945 1180 984 eum

170 1014 250 1072 hune
272 1014 391 1073 nomine
416 1019 493 1074 esset
516 1015 651 1076 adfatus:
684 1035 723 1075 ac
751 1017 797 1090 si,
827 1019 866 1074 ut
896 1017 1065 1093 cogitata
1095 1032 1181 1092 prae·

169 1104 267 1162 olare
304 1104 426 1179 eloqui
461 1108 627 1179 possent,
664 1124 734 1162 non
766 1105 863 1163 nulli
900 1104 1021 1164 studio
1056 1108 1091 1164 et
1126 1121 1181 1161 usu

170 1192 467 1268 elaboraverunt,
498 1195 601 1253 cuius
629 1197 664 1252 te
691 1213 804 1269 paene
834 1195 1038 1269 principem
1069 1192 1182 1269 copiae

130 1283 279 1357 ioatque
312 1284 539 1340 inventorem
571 1283 659 1341 bene
691 1283 732 1342 de
763 1283 906 1341 nomine
938 1302 978 1341 ac
1008 1283 1181 1361 dignitate

171 1373 298 1448 populi
316 1372 466 1430 Romani
488 1373 657 1430 meritum
681 1391 757 1432 esse
784 1373 994 1430 existimare
1019 1372 1184 1440 debemus,

171 1461 264 1520 hunc
299 1461 445 1519 facilem
479 1464 515 1518 et
551 1461 777 1519 cotidianum
813 1463 959 1521 novisse
997 1479 1182 1520 sermonem

171 1568 262 1608 nunc
284 1568 347 1624 pro
370 1549 500 1608 relicto
525 1552 579 1608 est
602 1549 810 1608 habendum.

244 1648 298 1703 Cio.
314 1650 397 1702 Brut.
410 1651 468 1702 252
489 1649 522 1700 ut
548 1650 622 1702 esset
644 1647 772 1716 perfecta
795 1647 847 1701 illa
870 1647 944 1702 bene
967 1647 1105 1716 loquendi
1123 1647 1184 1703 laus,

171 1718 268 1772 multia
286 1719 390 1772 litteris
409 1721 437 1773 et
455 1719 491 1772 iis
510 1719 625 1787 quidem
638 1719 793 1773 reconditis
813 1722 842 1772 et
861 1719 1011 1786 exquisitis
1030 1732 1184 1786 summoque

173 1790 266 1846 studio
289 1793 318 1844 et
341 1790 492 1860 diligentia
515 1793 559 1844 est
581 1792 757 1845 consecutus.
799 1790 848 1858 qui
873 1790 959 1843 etiam
981 1805 1006 1844 in
1029 1806 1141 1844 muman
1158 1820 1184 1828 —

172 1877 255 1928 ipsum,
274 1861 368 1930 inquii
386 1862 519 1933 [Atticus]
537 1862 569 1915 in
586 1878 631 1916 me
650 1862 777 1929 intuens,
800 1877 828 1916 de
846 1876 934 1916 ratione
954 1893 987 1901 -
1007 1877 1143 1916 habendum.

243 1943 287 1996 hie
306 1943 447 1997 Gaesarem
469 1959 581 1996 cuasam
602 1944 754 2012 aperuisse,
777 1960 832 2010 qua
851 1943 935 1996 libros
954 1943 987 1996 de
1006 1944 1139 2012 aealopia
1156 1940 1186 1994 ed

174 2014 327 2068 Ciceronem
350 2015 467 2080 tuismet,
486 2020 578 2082 potet·
601 2015 650 2082 qui
668 2015 800 2082 quomodo
819 2015 852 2067 de
872 2015 999 2069 Caesarie
1017 2021 1120 2069 emmiu
1138 2030 1186 2068 eor-

172 2091 271 2153 raptae
293 2086 498 2140 mercamine
520 2087 704 2140 emendandae
727 2086 904 2151 iudicaverit,
927 2086 970 2138 ed.
990 2086 1022 2138 in
1040 2088 1124 2140 Brut.
1138 2086 1187 2138 258

174 2159 271 2211 -261.
309 2155 342 2210 de
359 2174 388 2210 re
406 2158 441 2224 ef.
461 2156 652 2212 Heudetelesoa
667 2175 697 2226 p.
713 2161 774 2211 114.

247 2242 279 2290 12
297 2235 383 2290 facile
401 2238 482 2291 malti
500 2237 576 2292 codd.
687 2241 806 2289 renum
825 2253 882 2290 eoa
900 2236 974 2290 aelli
990 2237 1051 2291 edd.

632 2389 654 2446 2
691 2389 714 2446 2

242 2495 260 2553 l.
284 2495 312 2552 I.
357 2495 512 2570 tamquam
535 2380 691 2568 scopulum}
713 2381 755 2553 dic
778 2493 877 2571 fugias
905 2493 1078 2552 inauditum
1106 2497 1188 2568 atque

174 2585 303 2645 insolens
329 2583 460 2643 verbum.

249 2683 447 2748 Gelt.1,10,4
467 2681 528 2735 vive
546 2697 612 2750 ergo
631 2681 756 2735 moribus
774 2681 950 2750 praeteritis,
968 2680 1085 2748 loquere
1104 2678 1189 2734 verbis

175 2753 371 2827 praesentibus
391 2757 476 2821 atque
494 2751 534 2815 iu,
553 2753 629 2821 quod
648 2768 665 2805 a
680 2750 707 2806 O.
724 2751 842 2806 Caesare
861 2751 1025 2806 excellentis
1040 2750 1149 2822 ingenii
1162 2765 1189 2802 aa

176 2825 344 2900 prudentiae
361 2825 421 2879 viro
440 2824 578 2893 inprime
598 2824 633 2878 de
652 2823 785 2894 analogia
803 2823 876 2878 libro
895 2823 1032 2891 scriptum
1052 2827 1103 2890 est,
1123 2821 1189 2876 habe

176 2915 286 2969 semper
314 2897 344 2951 in
371 2895 507 2950 memoria
535 2897 620 2964 atque
648 2895 678 2948 in
702 2897 823 2963 pectore,
851 2897 884 2948 ut
906 2913 1021 2958 tamquam
1041 2926 1075 2935 —
1095 2910 1188 2948 veroum.

177 2971 302 3028 Memor.
319 2976 344 3036 1,
358 2973 416 3034 5,2
435 2984 488 3037 ego
507 2967 582 3020 enim
600 2967 639 3033 id,
658 2967 734 3034 quod
753 2982 770 3019 a
790 2965 817 3020 O.
833 2966 952 3021 Caesare
971 2965 1136 3020 excellentis
1154 2965 1189 3017 iu-

176 3043 254 3116 genii
273 3057 306 3094 ac
323 3039 491 3110 prudentiae
509 3038 568 3091 viro
587 3037 616 3090 in
635 3039 727 3107 primo
742 3037 891 3107 analogiae
905 3037 978 3090 libro
993 3037 1132 3106 scriptum
1146 3039 1188 3094 est.

176 3115 268 3169 habeo
283 3127 393 3181 semper
406 3111 436 3163 in
450 3109 586 3163 memoria
600 3112 686 3177 atque
700 3110 730 3163 in
744 3112 866 3178 pectore,
880 3113 1042 3170 utrumquem
1053 3139 1087 3148 -
1098 3125 1189 3163 veram.

177 3183 356 3242 rotemero.
372 3183 472 3237 Polior.
489 3186 571 3245 a,10
597 3181 718 3234 fideliter
746 3181 954 3250 exsequendum
978 3179 1045 3246 erit,
1069 3180 1145 3248 quod
1164 3178 1189 3230 in

177 3257 268 3327 primo
291 3253 364 3307 libro
388 3253 423 3306 de
446 3251 579 3322 analogia
598 3252 711 3321 scripsit
729 3251 757 3306 C.
773 3250 907 3306 Claudius
926 3249 1029 3306 Caesar
1047 3251 1091 3304 vir
1109 3247 1190 3304 excel·

178 3328 262 3382 lentis
281 3324 389 3395 ingenii
403 3340 578 3394 magnaeque
591 3323 766 3394 prudentiae.
800 3323 842 3376 ait
856 3323 942 3377 enim:
964 3323 1125 3390 ‘tamquam
1139 3337 1190 3374 sco·

178 3399 276 3467 pulum
295 3397 398 3450 nautae
416 3394 542 3464 fugiunt,
564 3395 605 3448 sic
623 3394 789 3464 fugiendum
808 3397 851 3448 est
869 3394 1032 3461 infrequens
1051 3397 1138 3462 atque
1155 3393 1190 3446 iu-

143 3511 149 3520 .
180 3468 272 3522 solens
286 3464 421 3520 verbum'.
450 3467 520 3519 idem
536 3466 665 3536 Metalop.
680 3470 753 3530 1,15
768 3463 869 3519 Caesar
883 3466 913 3518 in
928 3464 1000 3518 libro
1016 3465 1051 3518 de
1066 3463 1190 3534 analogia

180 3537 381 3608 grammaticus
400 3535 514 3603 quidem
533 3537 584 3601 est,
603 3538 631 3589 et
646 3536 807 3590 evitandum
821 3551 881 3590 esse
896 3536 1046 3590 denuntiat
1060 3532 1189 3604 quidquid

181 3607 306 3662 auditori
324 3605 417 3675 perito
436 3608 530 3675 potest
549 3623 610 3660 esse
628 3607 793 3660 absurdum:
815 3608 859 3660 ‘ut
877 3608 993 3662 nautae'
1013 3606 1110 3676 iuquit
1129 3607 1189 3660 ‘seo-
