2480 3904
262 195 400 249 Antonius
420 197 574 265 Panurgus.
620 196 648 250 C.
667 195 785 266 Valgius
805 196 893 249 Rufus
1019 196 1085 260 483

140 361 168 410 2.
189 356 259 411 Hor.
278 375 360 412 carra.
379 361 407 423 2,
422 361 447 423 9,
463 361 480 412 5
499 356 587 410 amice
606 355 691 425 Valgi
711 358 846 426 Porpbpr.
866 355 931 411 ibid.
951 356 1086 427 Valgium

65 427 246 481 consularem
266 428 386 481 amicum
405 446 486 481 suum
505 427 613 481 solatur
630 430 719 481 morte
739 427 855 481 delicati
869 427 949 496 pueri
964 428 1086 498 graviter

65 499 222 553 adfectum.
273 500 308 566 es.
335 501 470 555 Ps·Acro
498 500 564 554 ibid.
589 505 613 552 1.
665 500 779 570 Valgius
808 499 955 554 Messallae
983 516 1085 568 quoque

66 572 185 626 Coruini
203 571 353 637 familiaris
370 571 434 637 suit.
454 572 487 624 ele
505 572 563 625 eius
582 576 668 625 aetate
687 571 721 637 ef.
737 572 819 624 elium
837 577 893 625 test.
913 576 938 624 3.
958 576 982 625 4.
1003 575 1027 624 5.

142 664 168 714 3.
195 659 287 729 Quint.
302 665 328 726 3,
342 664 368 726 5,
383 664 419 713 17
443 659 665 728 Appollodorus‚
693 661 727 712 ut
748 659 980 728 interpretatione
999 660 1084 730 Valgi

64 730 205 798 discipuli
223 731 283 808 eius
301 733 366 784 utar
384 732 418 798 cf.
438 738 494 786 test.
514 736 539 785 8.

141 825 168 873 4.
194 822 307 889 Valgius
325 821 419 874 consul
440 821 497 886 fuit
515 838 541 872 a.
557 821 658 890 742412
676 837 736 874 eune
756 821 784 875 0.
802 820 924 888 Sulpicio
946 819 1084 889 Quirinio,

64 892 131 958 suff.
153 893 184 945 in
206 891 222 944 l.
239 893 280 946 M.
302 892 406 945 Valerii
425 893 570 946 Messallae
588 892 716 946 Barbati.
760 892 795 957 ef.
814 896 905 946 44142
927 899 953 946 44
971 891 1083 961 Prosop.

64 966 133 1031 susp.
155 962 233 1016 14444.
254 964 427 1036 11144144.

142 1055 168 1104 5.
189 1052 262 1105 Plin.
288 1070 316 1105 n.
335 1053 360 1105 b.
383 1054 461 1119 25,4
494 1050 579 1105 Gaius
604 1051 723 1121 Valgius
754 1051 911 1105 eruditione
940 1054 1083 1120 spectatus

65 1123 174 1193 Panep.
190 1124 228 1176 ael
242 1123 324 1177 Mess.
340 1127 393 1177 179
412 1123 524 1192 (Tibull.
539 1125 601 1192 4,1)
622 1124 664 1177 est
682 1121 736 1176 tibi
751 1123 800 1191 qui
818 1123 908 1191 possit
927 1123 1037 1193 magnis
1054 1141 1083 1177 se

65 1195 216 1262 accingere
234 1193 317 1260 rebus
337 1194 351 1266 4
366 1194 498 1264 Valgius,
525 1197 638 1249 aeterno
657 1195 771 1263 propior
789 1211 846 1248 non
865 1194 937 1247 alter
955 1195 1083 1249 Homero.

65 1266 101 1332 ef.
127 1267 200 1320 Hor.
226 1283 307 1320 carm.
330 1269 399 1333 2,9,
415 1269 458 1320 18.
508 1267 546 1320 iel.
572 1270 776 1332 144.1,10,81
809 1266 962 1390 [lenumerut
989 1273 1084 1335 poetas

65 1337 227 1392 recentiores
246 1340 359 1406 optimos
376 1344 456 1405 alque
474 1339 628 1392 eururinurn
650 1338 764 1408 iudices]
792 1337 901 1391 Potius
925 1340 953 1390 et
971 1337 1083 1403 Varius,

65 1408 218 1462 Maecenas
247 1407 443 1478 Vergiliusque
471 1409 485 1479 4
514 1408 631 1478 Valgius
660 1410 689 1462 et
720 1409 820 1477 probet
851 1408 923 1462 haee
951 1407 1083 1462 Octavius

67 1480 194 1548 optimus
213 1481 298 1548 atque
320 1479 334 1551 4
357 1479 471 1534 Fuscus.

67 1603 301 1657 SCRIPTORUM

140 1698 165 1747 6.
186 1695 322 1748 Ps-Aero
344 1710 426 1748 earm.
449 1697 476 1759 2,
492 1697 550 1759 9,9
583 1691 740 1746 ‘flebilibus
768 1693 875 1746 modis’
905 1694 972 1761 quia
999 1697 1084 1762 poeta

67 1767 128 1818 erat
155 1763 273 1834 Valgius
302 1765 330 1816 et
362 1763 560 1836 m<a>erorem
593 1781 673 1817 suum
702 1764 839 1818 luctuosis
873 1764 1082 1820 carminibus

67 1835 221 1889 solabatur.
255 1837 325 1890 Hor.
339 1852 422 1890 curm.
436 1841 464 1901 2,
475 1839 528 1902 9,9
545 1837 578 1888 tu
592 1853 701 1904 semper
714 1853 797 1905 urges
812 1835 953 1890 flebilibus
967 1837 1058 1890 modis
1072 1837 1086 1909 s

66 1907 181 1974 Mysten
200 1908 363 1975 ademptum
378 1938 411 1946 —
427 1912 463 1961 17
476 1906 572 1960 desine
591 1906 718 1960 mollium
734 1908 748 1980 4
763 1907 879 1961 tandem
898 1908 1081 1976 querelarum.

66 1978 141 2032 Serv.
162 1978 238 2031 Dan.
258 1979 316 2032 bue.
337 1983 362 2044 7,
374 1981 413 2032 22
441 1976 545 2031 Codrus
565 1980 649 2046 poeta
668 1978 794 2032 eiusdem
811 1979 946 2047 temporis
965 1979 1029 2045 fuit,
1050 1982 1083 2033 ut

66 2049 187 2119 Valgius
211 2050 241 2101 in
267 2049 391 2118 elegiis
417 2049 475 2102 suis
497 2049 591 2102 refert.
636 2050 670 2115 cs.
695 2049 780 2104 Sebol.
803 2050 897 2105 Veron.
922 2050 987 2104 ibid.
1007 2051 1080 2106 Sera.

66 2123 137 2176 Aen.
159 2126 201 2186 11,
216 2124 278 2174 457.
314 2123 469 2191 fragmenta
487 2128 552 2176 sunt
570 2138 614 2189 up.
635 2121 784 2188 Baehrens,
803 2122 895 2177 FPR
910 2139 938 2190 p.
954 2125 1015 2177 342.

142 2214 166 2263 7.
187 2209 421 2279 Ghar.p.108‚7
440 2208 558 2279 Valgius
577 2209 607 2262 in
630 2209 877 2279 epigrammate
902 2229 940 2264 an
959 2211 1082 2265 bucolica

66 2284 151 2336 etiam
168 2281 297 2350 scripsit?
315 2281 361 2350 (cs.
378 2283 467 2352 Unger
485 2282 552 2334 ibid.
567 2299 597 2350 p.
612 2283 722 2350 283sq.)

139 2375 165 2424 8.
187 2370 360 2440 Quuet.3‚1,
376 2376 410 2424 18
433 2370 483 2423 sed
501 2369 705 2438 Apollodori
729 2373 918 2438 praecepta
936 2371 1027 2440 magis
1047 2389 1080 2424 ex

67 2440 215 2509 discipulis
238 2457 404 2511 cognoscas,
428 2458 546 2509 quorum
565 2440 798 2509 diligentissimus
821 2440 852 2493 in
870 2442 1008 2495 tradendo
1026 2441 1081 2496 fuit

65 2511 156 2567 latine
181 2511 209 2566 Ο.
228 2512 359 2582 Valgius,
389 2529 488 2582 graece
511 2511 631 2566 Atticus.
675 2514 709 2579 es.
735 2514 801 2567 ibid.
822 2518 847 2581 3,
863 2518 938 2580 5,17
963 2516 1028 2582 (test.
1044 2517 1078 2584 3).

66 2587 92 2651 5,
107 2588 193 2651 10,4.
167 2585 322 2638 4.]14444
337 2601 368 2652 p.
383 2587 447 2651 387,
463 2583 542 2653 644).

139 2677 165 2726 9.
185 2673 260 2727 Plin.
274 2690 302 2726 n
316 2674 342 2726 b
360 2676 406 2738 25,
421 2676 438 2725 4
463 2674 528 2741 post
551 2690 614 2726 eum
641 2672 793 2744 [Catonern]
819 2690 891 2726 unus
917 2673 1079 2728 inlustrium

65 2744 218 2812 temptavit
241 2744 326 2797 Gaius
352 2714 523 2814 141131111-
543 2743 698 2812 inperfecto
721 2743 862 2798 volumine
891 2744 940 2814 [de
952 2746 1079 2828 barbis]

67 2816 103 2869 ad
123 2816 219 2868 divum
237 2817 404 2884 Augustum
422 2815 602 2869 inchoabat
574 2815 660 2868 etiarn
683 2814 859 2883 praefatione
878 2815 1023 2898 religiosa,
1047 2820 1080 2870 ut

66 2886 197 2940 omnibus
224 2885 306 2939 malis
334 2886 464 2939 humanis
492 2886 569 2939 illius
595 2886 774 2954 potissimum
802 2886 939 2955 principis
970 2905 1080 2970 semper

66 2958 226 3012 mederetur
248 2957 390 3011 maiestas.
424 2958 538 3027 Valgius
560 2958 653 3012 Plinii
676 2960 757 3012 etiarn
781 2965 876 3013 auctor
894 2960 979 3026 suit'
967 2977 999 3013 en
1017 2961 1078 3014 libr

68 3029 294 3083 XX-XXVII
308 3030 350 3098 (de
367 3031 498 3084 herbis
473 3036 498 3083 e
516 3030 669 3098 medicina).

407 3243 444 3309 B.
466 3243 739 3310 FRAGMENTA

222 3403 270 3456 DE
288 3401 406 3457 REBUS
425 3402 497 3455 PER
514 3401 720 3456 EPISTULAM
740 3401 926 3467 QUAESITIS

3 3547 4 3568 ³
136 3530 172 3595 cs.
196 3530 282 3583 Varro
304 3529 368 3583 Tiro
389 3528 505 3582 Sinnius
526 3545 625 3596 supra,
651 3529 794 3597 Epicurus
816 3545 860 3596 ap.
880 3528 963 3598 Dioq.
983 3529 1076 3584 Laert.

67 3604 109 3667 10,
122 3604 158 3655 35
177 3601 307 3669 nullique
325 3601 377 3654 alii

812 3689 864 3742 31*
