2534 3908
153 167 193 231 16
369 195 370 198 “
471 167 678 222 Grammaticus
696 168 851 236 primordia

224 329 331 383 Censor.
355 329 381 382 d.
405 346 432 382 a.
456 331 535 394 22,9
563 331 606 397 (ea
629 328 762 396 Varrone)
788 341 881 383 nominc
895 360 928 368 -
942 353 1045 383 numero„
1079 329 1170 384 Varro

151 400 183 453 de
206 401 223 452 l.
243 401 277 454 L.
294 404 319 465 6,
335 404 370 453 33
397 399 504 468 primus
533 400 657 470 [mensis]
683 415 700 452 a
723 398 826 466 Marte;
862 400 1013 468 secundus,
1045 402 1078 453 ut
1103 400 1170 453 Ful-

151 470 213 530 ¹vius
237 471 336 524 scribit
360 472 388 523 et
410 470 519 537 Iunius,
548 487 565 523 a
588 468 808 537 Venere,'quod
828 487 866 528 ¹eu
889 471 926 524 eit
943 467 1101 540 Ἀφροδίτη
1122 494 1171 537 -;

150 541 251 594 tertius
271 559 288 595 a
306 540 459 596 maioribus
478 542 578 607 Maius,
598 543 714 610 quartus
733 558 751 594 a
769 541 926 596 iunioribus
950 543 1042 596 dictus
1063 542 1171 596 lunius.

151 612 253 666 dehinc
272 614 387 682 quintus
408 612 541 678 Quintilis
560 616 589 667 et
608 614 648 666 sic
667 614 799 681 deinceps
820 631 908 682 usque
932 614 969 667 ad
987 613 1172 668 Decembrem

151 701 168 737 a
187 701 310 739 numero.
340 687 465 740 Macrot.
485 688 575 750 1,12‚
594 689 611 738 5
635 685 705 738 haec
727 684 783 737 fuit
806 684 918 738 Romuli
942 685 1096 751 ordinatio,
1114 687 1172 754 'qui

150 755 272 824 primum
296 757 363 809 anni
385 771 509 809 mensem
528 757 649 824 genitori
673 773 723 810 suo
746 755 831 808 Marti
851 757 957 810 dicavit
975 762 993 810 8
1017 756 1173 810 secundum

150 843 275 881 mensem
288 828 445 881 nominavit
459 827 592 896 Aprilem,
612 829 644 879 ut
659 827 775 894 qnidam
788 829 899 894 putant,
920 845 983 881 cum
998 829 1172 897 aspiratione

151 899 233 966 quasi
256 899 414 968 Aplrrilem,
442 915 458 952 a
484 915 583 967 spuma
607 915 691 967 quam
713 898 812 952 Graeci
838 899 933 968 ἀφρόν
956 901 1069 964 vocant,
1095 899 1173 953 unde

150 972 212 1024 orta
221 970 316 1024 Venus
331 971 455 1024 creditur
468 970 529 1041 [On.
544 973 608 1037 fust.
620 975 645 1036 4,
656 975 700 1023 61.
724 971 798 1040 Lysi
812 972 939 1025 demens.
955 971 1109 1041 ipusee'm}
1137 976 1174 1025 16

152 1041 261 1094 Maium
274 1041 409 1095 Romulus
428 1042 543 1094 tertium
557 1042 661 1110 posuit,
681 1042 715 1094 de
735 1043 813 1094 euius
828 1042 940 1096 nomine
954 1043 1028 1096 inter
1043 1045 1172 1096 auctores

151 1112 211 1166 lata
230 1113 366 1166 dissensio
386 1115 436 1167 est.
474 1130 540 1165 num
558 1113 672 1165 Fulvius
691 1111 821 1167 Nobilior
842 1113 877 1166 in
901 1113 1006 1166 fastis
1031 1131 1113 1182 quos
1139 1115 1173 1166 in
1251 1159 1252 1172 ,

151 1185 234 1237 aede
258 1183 416 1238 Herculis
440 1184 610 1238 Musarum
630 1185 676 1255 [cf.
697 1186 772 1240 Plio.
792 1203 819 1238 a.
838 1185 864 1238 t.
884 1189 928 1250 35,
944 1189 987 1239 66.
1017 1186 1061 1239 De
1075 1187 1173 1251 Bessi,
1251 1199 1252 1212 ²

151 1256 214 1310 aul.
234 1256 348 1311 archeot.
367 1260 441 1310 1869
456 1274 486 1325 p.
501 1257 530 1326 3]
549 1257 666 1325 posuit
685 1255 836 1310 Romulum
855 1257 932 1320 dicit,
952 1258 1103 1325 postquam
1122 1274 1173 1326 po·
1251 1259 1252 1270 ¹

149 1326 248 1394 pulum
266 1327 296 1380 in
314 1328 435 1381 maiores
454 1328 631 1394 iunioresque
655 1327 763 1394 divisit,
790 1330 821 1381 ut
848 1326 938 1381 altera
963 1345 1029 1396 pars
1053 1328 1173 1382 consilio

151 1397 241 1450 altera
261 1399 345 1451 armis
358 1398 563 1469 rempublicam
577 1400 710 1465 tueretur,
729 1399 759 1452 in
774 1399 907 1453 honorem
921 1399 1067 1466 utriusque
1080 1401 1173 1468 partis

150 1468 224 1522 hunc
234 1469 349 1536 Maium,
364 1473 527 1537 sequentem
537 1469 648 1523 Iunium
657 1485 782 1523 mensem
792 1486 912 1524 vocasse.
933 1473 968 1536 ef.
984 1471 1073 1525 Varro
1082 1472 1171 1538 infru.

152 1540 265 1595 Cincius
282 1543 318 1608 fr.
334 1546 358 1595 6.
390 1541 467 1596 Ouid.
482 1544 546 1609 sust.
567 1547 592 1606 1,
607 1546 650 1594 41.
671 1546 779 1611 5,1sq.
795 1546 858 1595 427.
891 1542 964 1596 Fest.
979 1560 1011 1611 p.
1031 1546 1111 1608 13412,
1124 1547 1172 1596 27.

151 1613 227 1666 Prot.
248 1613 333 1666 Nam.
352 1617 396 1666 19.
425 1613 497 1668 Suet.
516 1615 573 1667 rell.
589 1631 619 1682 p.
635 1617 690 1666 163
704 1614 739 1668 R.
768 1614 837 1667 Isid.
857 1631 896 1668 or.
912 1618 937 1678 5,
952 1617 996 1680 33,
1012 1618 1075 1682 5sq.
1097 1614 1171 1683 Lyd.

151 1685 184 1736 cle
209 1701 291 1738 nacae
311 1689 336 1748 4,
351 1688 395 1738 56.
439 1687 557 1754 Aupast.
584 1691 680 1739 contra
700 1684 838 1738 Faustum
857 1691 903 1751 18,
918 1689 943 1739 5.
985 1687 1035 1739 civ.
1055 1685 1080 1739 d.
1103 1689 1129 1750 7,
1147 1690 1172 1738 7.

150 1755 222 1810 Sero.
242 1773 266 1824 p.
284 1761 308 1820 1,
322 1759 366 1809 43.
405 1755 519 1810 Cassiod
536 1773 595 1810 our.
615 1762 640 1822 1,
656 1760 698 1810 35.
734 1757 819 1811 Gen
834 1757 879 1810 VI
893 1760 955 1810 535.

223 1849 237 1896 Ἰ
258 1861 346 1911 usque
366 1844 403 1897 ad
423 1844 509 1898 Vatis.
528 1849 602 1899 4498
621 1851 646 1899 et
664 1846 759 1899 Iesuit.

646 1999 669 2054 2

218 2100 256 2160 ad
274 2103 328 2161 hos
348 2096 457 2180 [decen
475 2096 600 2181 menses]
623 2103 676 2178 qui
694 2102 799 2176 additi,
822 2104 905 2178 prior
924 2122 942 2160 a
961 2104 1095 2179 principe
1116 2103 1173 2162 deo

151 2190 310 2249 Ianuarius
336 2192 514 2267 appellatus
541 2194 697 2267 posterior,
725 2195 760 2249 ut
783 2191 861 2250 idem
886 2191 989 2251 dicunt
1012 2194 1174 2266 scriptores

151 2273 293 2358 [Fulvius
308 2285 333 2338 et
348 2282 467 2356 Iunium
491 2285 527 2355 cf.
542 2282 610 2339 Iun.
625 2283 664 2353 fr.
678 2275 720 2358 6],
740 2281 776 2338 ab
796 2280 852 2340 diis
871 2281 975 2339 inferis
989 2281 1173 2342 Februarius

153 2370 331 2445 appellatus
356 2370 436 2446 quod
459 2372 523 2428 tum
542 2370 588 2429 his
611 2373 793 2445 parentetur.
1077 2381 1079 2384 ·

228 2469 316 2523 Varro
335 2469 367 2523 de
390 2471 408 2523 l.
428 2469 462 2522 L.
482 2474 507 2534 6,
522 2473 557 2522 34
585 2483 614 2522 ad
632 2484 673 2522 hoe
693 2500 726 2507 -
744 2486 878 2530 parentetur.
911 2470 947 2536 Cf.
973 2468 1060 2523 Varro
1083 2469 1174 2536 infra.

224 2562 240 2608 4
259 2559 407 2625 parentur:
426 2575 474 2612 een.
493 2575 534 2627 op.

511 2851 807 2938 IUVENTIUS

483 3055 533 3108 EX
550 3054 709 3108 INCERTA
729 3055 875 3109 FABULA

443 3202 546 3285 [SRP
561 3206 658 3265 1196
679 3208 707 3266 V
725 3199 879 3286 araneos]

219 3314 409 3391 scruppidam
431 3346 473 3354 —-
492 3313 647 3372 Iuventius
671 3314 800 3373 comicus
824 3314 941 3374 dicebat
965 3334 983 3372 a
1005 3315 1173 3374 vermiculo

151 3404 258 3480 piloso,
282 3405 334 3478 qui
357 3404 434 3462 solet
456 3421 518 3462 esse
542 3403 574 3460 in
596 3402 701 3460 fronde
725 3421 792 3461 cum
815 3403 918 3462 multis
942 3403 1075 3479 pedibus,

229 3503 317 3557 Varro
340 3502 372 3555 de
391 3503 407 3556 t.
427 3503 461 3555 L.
483 3505 513 3566 7,
528 3505 564 3555 65
586 3515 727 3563 scripptum
750 3501 880 3555 Aurelius
904 3503 951 3573 [fr.
971 3503 1031 3573 15];
1053 3516 1174 3558 ramnum

151 3605 187 3614 -
200 3587 306 3637 mnibus,
328 3571 454 3626 Valerius
473 3573 520 3643 [fr.
535 3573 574 3643 2].
607 3573 641 3639 cf.
662 3575 731 3628 Aur.
755 3573 803 3642 Op.
824 3575 840 3627 t.
855 3590 876 3627 c.
