2442 3902
149 204 214 268 278
299 205 505 260 Grammaticus
523 207 626 259 aetatis
645 205 836 260 varronianae
855 205 1019 276 fragmenta

565 377 631 434 264
656 368 750 454 [102]

216 499 251 538 ex
277 480 325 540 his
348 481 574 558 pronominibus
602 481 730 540 sedecim
757 484 879 540 tantum
902 483 1001 541 Varro
1029 481 1156 542 adverbis

149 568 312 630 eiusmodi
335 570 496 630 seeundum
519 589 660 630 sonorum
683 573 833 630 rationem
851 571 917 629 fieri
940 570 1156 631 demonstravit:

147 657 199 716 ille
222 658 285 717 illio
312 659 397 718 illinc
424 660 496 719 illuc
523 659 591 733 illo,
622 661 679 718 iste
706 659 776 719 istie
802 659 893 718 istinc
920 660 1013 734 istuc,
1045 661 1094 719 hic
1121 658 1157 716 hie

147 747 217 806 binc
240 747 306 820 huc,
333 747 413 807 idem
434 748 554 823 ibidem,
577 750 630 825 qui
653 767 721 824 quo,
745 748 855 825 quique
883 768 1012 825 quoque,
1037 750 1156 825 quicum·

122 855 206 911 sque
228 855 425 913 quocumque,
453 838 575 914 quidam
598 838 757 913 quondam,
786 838 936 913 quispiam
959 838 1089 914 uspiam,
1114 837 1156 896 ali·

149 927 217 1001 quis
236 926 337 1002 aliquo
356 926 476 1001 alicubi,
500 928 598 1003 quelis
617 927 755 1003 qualiter,
778 945 861 986 meus
884 929 1010 986 meatim
1028 932 1060 986 et
1078 926 1156 1004 sigui·

147 1013 219 1074 ficet
241 1034 322 1074 more
345 1036 421 1090 meo,
448 1018 519 1076 tuus
542 1015 654 1075 tuatim
677 1019 708 1075 et
730 1015 880 1093 ugnfficat
903 1035 985 1076 more
1009 1020 1073 1091 tuo,
1099 1033 1157 1074 suus

149 1105 260 1162 suatim
279 1107 309 1163 et
327 1104 476 1183 significet
493 1123 575 1164 more
594 1123 657 1178 suo,
676 1108 777 1164 noster
795 1105 956 1165 nostratim
970 1108 1002 1164 et
1020 1105 1156 1184 siguificat

148 1211 230 1251 more
258 1196 372 1268 nostro,
403 1197 501 1253 vester
530 1195 687 1254 verbatim
715 1198 745 1252 et
773 1193 923 1272 significat
949 1214 1033 1254 more
1063 1197 1157 1254 vestro.

110 1300 135 1340 ιο
150 1300 186 1338 ex
205 1281 313 1357 quibus
336 1283 561 1358 pronominibus
580 1285 700 1342 tantum
719 1303 808 1359 quem
827 1284 1007 1343 admodum
1031 1282 1157 1342 edverbiu

148 1369 232 1445 fiant,
255 1373 297 1431 sie
320 1374 366 1430 uti
388 1373 485 1432 Varro
508 1372 618 1447 docuit,
641 1371 921 1432 demonstravimus.

220 1471 302 1525 Ptol).
322 1471 385 1525 inst.
405 1478 456 1525 art.
473 1488 502 1538 p.
518 1474 580 1536 152,
595 1473 632 1524 30
651 1470 685 1523 de
705 1470 877 1539 pronomine.
907 1496 936 1526 ex
950 1483 1158 1534 cunicmundus

148 1570 184 1579 —
202 1556 407 1596 demonstravimus.
444 1543 480 1607 cf.
496 1541 576 1596 Char.
587 1559 617 1610 p.
632 1545 697 1607 221,
712 1547 738 1596 6.
758 1543 846 1597 Priec.
865 1544 922 1596 ΠΙ
937 1547 1041 1608 74,15.
1095 1543 1157 1597 Νοῦ-

144 1628 174 1679 p.
191 1615 252 1679 179,
266 1616 312 1667 29.
332 1615 427 1682 Pomp.
442 1619 579 1668 comment.
589 1631 620 1682 p.
635 1616 699 1679 243,
715 1617 740 1666 7.
761 1614 836 1684 Viry.
850 1631 966 1684 yrcmm.
980 1615 1014 1670 de
1024 1632 1104 1684 pron.
1119 1611 1158 1666 VI.

221 1707 237 1754 3
256 1701 321 1755 istie
340 1702 413 1755 stine
430 1703 515 1757 Velie.
570 1702 617 1754 hie
635 1702 689 1755 hac
708 1702 777 1757 Bob.
850 1708 867 1755 4
887 1702 1010 1770 quicque
1025 1704 1110 1758 Vctic.

220 1828 258 1880 ad
280 1827 488 1882 declinationem
511 1826 659 1881 adicienda
681 1834 747 1882 sunl
769 1828 926 1882 testimonia
950 1827 1036 1882 Gellii
1054 1831 1079 1892 4,
1094 1828 1158 1891 16,1

150 1900 221 1963 ete,
234 1902 279 1965 21,
294 1904 313 1953 6
337 1899 487 1953 Varronem
509 1899 649 1967 scripsisse
670 1899 807 1969 percelleres
826 1899 961 1954 ‘senatuis
978 1899 1086 1954 domins
1102 1899 1156 1966 flac·

149 1969 215 2022 tcis'
240 1977 265 2024 ct
282 1971 442 2038 probavisse
463 1970 569 2035 formas
588 1970 753 2038 ‘compluria
775 1975 801 2025 et
820 1971 939 2039 pluric’.
976 1971 1011 2036 cf.
1027 1977 1157 2040 proceru

149 2040 241 2096 Diem
253 2058 282 2109 p.
298 2045 363 2109 368,
378 2046 413 2096 10
431 2042 464 2096 de
477 2042 659 2110 participio‘
658 2041 807 2110 percura-3³
828 2048 854 2096 et
872 2043 996 2111 Bedcp.
1012 2046 1077 2109 266,
1085 2040 1157 2096 cele

148 2110 309 2174 femmicc‘
312 2113 477 2182 ecpporlm'

524 2335 591 2394 ees
615 2329 681 2413 [32.
707 2340 735 2393 1.
758 2329 793 2414 2]
1204 2371 1205 2417 ,

216 2440 307 2498 verba
337 2443 390 2499 aut
419 2441 568 2517 simplicia
600 2444 670 2499 sunt
700 2445 753 2500 aut
789 2444 956 2501 coniuncta.
1021 2437 1158 2517 simplicia

150 2532 219 2587 sunt
248 2548 324 2605 quae
357 2548 449 2588 unum
483 2530 626 2605 quiddam
658 2529 842 2608 significent,
874 2533 909 2591 ut
940 2549 1009 2588 cum
1042 2529 1157 2590 dicimus

151 2611 250 2677 ‘homo
279 2636 371 2694 equus
399 2617 534 2696 disputat
564 2615 677 2678 currit'.
703 2651 743 2660 —
768 2620 823 2678 hoc
851 2619 1017 2678 includitur
1039 2619 1094 2678 hac
1115 2615 1156 2674 de·
1203 2627 1204 2661 l

148 2705 294 2781 finitione,
322 2726 383 2783 qua
406 2727 465 2766 non
488 2707 653 2767 includitur
673 2727 742 2766 cum
756 2708 896 2768 ‘dicimus
919 2709 1039 2784 loqu0r3
1067 2725 1157 2784 quam·

124 2796 196 2856 svis
220 2799 299 2855 enim
328 2816 421 2855 unum
444 2797 567 2855 verbum
590 2796 642 2871 sit,
672 2816 732 2857 non
760 2797 850 2856 habet
872 2801 974 2856 temen
1002 2796 1156 2874 simplicem

150 2885 405 2962 significationem,
429 2885 456 2945 si
478 2886 600 2961 quidem
622 2885 772 2964 significet
794 2889 886 2946 etiem
910 2904 1069 2961 personam
1091 2901 1157 2961 quae
1202 2858 1203 2904 l

149 2973 293 3049 loquitur.
343 2974 410 3035 ideo
440 2975 502 3033 iam
531 2975 691 3034 obnoxium
721 2980 766 3036 est
795 2977 918 3035 veritati
949 2978 1002 3034 aut
1032 2973 1158 3042 falsitati,

149 3083 219 3122 nam
247 3069 277 3124 et
303 3065 407 3142 negari
436 3067 466 3124 et
494 3064 636 3124 affirmari
663 3068 770 3167 potest
817 3066 913 3125 omnis
940 3065 1045 3141 itaque
1072 3065 1158 3140 prima
1201 3099 1202 3149 ,

151 3156 181 3212 et
204 3153 332 3212 secunda
355 3172 481 3229 persone
509 3152 593 3213 verbi
617 3156 754 3229 quamvis
782 3153 961 3255 singillatim
989 3155 1157 3222 enuntietur,

112 3263 137 3302 10
151 3217 259 3301 tamen
274 3245 353 3301 inter
375 3244 533 3302 coniuncta
556 3243 646 3302 verba
668 3243 882 3319 numerabitur,
908 3244 981 3319 quia
1004 3242 1156 3318 simplicem

151 3349 209 3390 uon
233 3331 323 3390 habet
346 3331 664 3409 significationeme
623 3334 775 3392 —tertic
798 3351 924 3408 persona
945 3331 1031 3391 verbi
1053 3346 1156 3406 semper

152 3419 230 3475 inter
258 3419 408 3493 simplicia
437 3423 611 3478 numeratur
637 3423 669 3480 et
695 3421 827 3479 nondum
857 3425 912 3480 aut
941 3420 1085 3480 affirmari
1111 3419 1155 3477 aut

152 3505 256 3580 negari
273 3508 380 3581 potest,
404 3508 462 3566 nisi
481 3527 547 3566 cum
565 3509 640 3567 tulia
659 3510 750 3568 verba
769 3513 848 3585 sunt,
873 3509 981 3586 quibus
1003 3509 1154 3570 necessario

153 3590 290 3649 cohaeret
319 3612 461 3667 personae
491 3596 670 3673 significatio
703 3599 916 3658 consuetudine
946 3598 1102 3674 loquendi,
1128 3599 1155 3653 ul
1199 3545 1200 3639 l
