2534 3908
524 199 553 253 L.
574 199 675 254 Accius
1066 199 1108 262 27

152 361 236 415 Nou.
251 377 281 429 p.
303 363 416 425 194,17
440 362 539 413 neutro
563 360 704 432 [balteum]
723 359 812 415 Varro
834 376 927 414 rerum
952 360 1110 414 divinarum

79 429 133 483 lib.
147 430 208 484 XI:
230 430 350 500 ‘tragica
368 431 481 485 vincula
499 430 595 485 balteo
614 433 699 484 sunt'.
729 432 829 486 Accius
843 431 1038 486 didascalicon
1052 432 1110 502 [-co

77 502 179 574 [κάρ.
200 521 235 557 m.
251 503 280 574 1]
304 502 354 556 lib.
365 502 441 556 VIII:
468 520 510 556 seu
525 535 558 542 -
575 519 712 558 machaera.
749 504 783 571 cf.
804 504 892 559 Varro
915 505 994 570 iufra
1011 496 1109 571 fule.

424 636 446 694 e
470 629 569 714 [lxi
589 637 634 694 ar.
661 636 703 694 rs
722 630 774 714 u]

152 743 174 801 l.
188 743 250 801 IX.
272 761 353 801 nam
373 761 477 817 quam
496 742 597 801 varia
611 743 685 802 sint
704 762 836 820 genere
854 746 1109 818 poematorum,

82 830 216 905 Baebi,
230 850 407 908 quamque
421 831 526 908 longe
541 830 719 890 distincta
734 832 807 891 alia
822 832 863 890 ab
881 833 976 904 aliis,
995 850 1109 892 nosce.

159 922 241 978 aar.
252 938 283 990 p.
299 926 359 986 141,
374 924 410 974 34
428 923 622 989 poematorum
638 953 680 975 -.
708 921 810 975 Accius
829 938 940 989 quoque
959 921 1110 977 didascali·

83 1008 185 1046 corum
204 992 255 1047 IX:
274 1017 328 1046 nam
342 1024 376 1032 -
390 1017 464 1046 nosce.

158 1079 173 1126 1
194 1072 264 1144 beb3
284 1077 336 1142 qd
354 1073 383 1142 (i.
399 1090 419 1127 e.
439 1071 546 1126 baebue
565 1089 651 1140 quam
670 1075 752 1142 quoe)

456 1207 476 1264 9
501 1199 535 1283 [s
554 1206 600 1263 M.
626 1208 665 1263 16
685 1200 737 1284 a]

152 1314 171 1372 l.
188 1313 249 1370 IX.
274 1313 476 1390 vectigalia
494 1307 517 1389 †
535 1312 703 1390 legerant
721 1317 844 1372 vestra
863 1318 897 1372 et
917 1318 1109 1373 servantur

87 1404 219 1461 statim

158 1483 241 1540 ocur.
258 1500 288 1551 p.
303 1485 373 1549 220,
392 1486 410 1535 9
434 1482 531 1535 statim
554 1481 655 1536 Accius
679 1483 709 1535 in
733 1482 926 1538 didascalicon
948 1483 999 1539 IX:
1028 1499 1109 1549 venus.

86 1584 120 1592 —
133 1568 223 1620 susm,
246 1570 297 1622 pro
317 1555 424 1607 statute
447 1555 476 1606 et
495 1554 631 1607 ordinato.
665 1555 794 1609 allocutio
813 1557 844 1608 iu
862 1557 1005 1626 Prapmat.
1019 1557 1056 1622 fr.
1073 1561 1109 1610 13

90 1643 186 1681 rursus
206 1632 329 1694 apparet.

158 1712 173 1759 1
202 1705 333 1758 locantur
368 1705 437 1759 ooai.
470 1705 618 1759 Buecheler
654 1708 771 1774 egerant
803 1706 916 1761 Luctm.
1025 1708 1108 1779 seru]

89 1779 233 1830 struantur
252 1777 364 1831 Lucam.

446 1895 487 1949 10
513 1885 548 1970 [2
566 1892 611 1950 u.
638 1896 678 1948 17
697 1886 749 1970 n]

154 1999 238 2057 alx.
257 1999 616 2077 etmagnificissimei
629 2000 964 2076 excelsissimeique
978 2000 1108 2060 honore

160 2089 249 2143 Prisc.
260 2105 291 2157 p.
307 2092 384 2154 92,4
406 2089 508 2143 Accius
527 2088 557 2141 in
575 2088 613 2140 IX
633 2087 837 2142 didascalicon:
864 2106 887 2142 et
900 2121 935 2128 -
948 2105 1039 2143 nonore.
1072 2090 1107 2155 es.

92 2161 171 2215 Paul.
192 2160 266 2242 Fest.
284 2177 312 2242 p.
334 2163 396 2242 151,
412 2164 437 2213 7.
473 2160 600 2243 sotadeus
619 2176 672 2215 esse
686 2167 803 2228 poterat.
1074 2233 1079 2244 Ι

93 2231 798 2370 εἱωοῗζξὲἰῧξέῗιεηᾚθ(,τὶῗῗιξὲοῧῖἰξξζὲζᾷαἴτι’
809 2232 965 2357 ενΙῗἮονίι
982 2231 1108 2286 ΕΜΠΕ-

469 2443 733 2499 PRAGMATICON

161 2553 294 2606 librorum
311 2569 455 2606 numerum
472 2553 640 2622 ipuararuus¹
659 2552 705 2604 sed
723 2552 747 2604 ii
765 2553 914 2620 complures
931 2553 1046 2618 fueruat
1060 2554 1107 2620 (ef.

93 2625 127 2690 fr.
141 2628 202 2691 11),
228 2629 309 2692 utque
327 2624 470 2677 trochaicis
488 2624 650 2690 septeuarirs
668 2623 784 2691 aliisque
802 2623 918 2689 sortasse
936 2625 1028 2678 metris
1045 2642 1109 2679 cou-

94 2696 193 2762 scripti.
218 2697 350 2765 upebatur
359 2700 449 2748 autem
464 2696 496 2748 iu
505 2695 549 2760 iis,
564 2695 636 2762 quod
646 2712 679 2748 ea
689 2694 818 2762 paruulis
830 2695 960 2760 frustulis
971 2697 1109 2764 percipere

92 2783 245 2836 possumus,
264 2767 297 2820 de
314 2764 458 2834 πράγμασι
475 2767 619 2830 scaeuicis,
638 2767 671 2819 de
689 2767 869 2835 urpurueutis,
888 2767 920 2819 de
938 2765 1041 2834 ἤθεσιν
1060 2769 1107 2833 (cf,

94 2839 217 2903 Norden,
237 2837 290 2891 Rt.
310 2836 386 2891 Mus.
406 2841 451 2890 48.
472 2840 545 2891 1893
566 2853 594 2904 p.
611 2841 721 2906 53lsq.,
747 2837 795 2905 qui
817 2838 930 2906 siupula
952 2839 1109 2907 frapmeuta

94 2910 262 2977 illustravit),
280 2910 323 2962 itu
335 2915 367 2961 ut
381 2909 559 2978 Prupruaticu
574 2927 592 2962 a
607 2908 794 2962 Didascalicis
807 2925 864 2962 uou
878 2910 959 2963 aliter
972 2910 1109 2980 distiupui

95 2981 236 3035 rideantur
259 2996 294 3034 ac
316 2980 450 3034 Varronis
473 2979 539 3034 libri
556 2980 600 3033 De
623 2980 850 3047 descriptionibus
874 2997 892 3032 a
910 2981 955 3034 De
974 2982 1109 3048 poematis

97 3054 139 3119 (cr-
152 3053 187 3118 sr·
203 3055 260 3120 12).

447 3171 487 3225 11
512 3161 546 3246 [1
567 3167 612 3224 m.
636 3169 678 3225 24
699 3161 752 3245 u]

159 3277 175 3334 l.
199 3275 226 3333 I.
666 3276 700 3332 et
723 3277 853 3333 cuncte
876 3273 966 3331 fieri
989 3277 1108 3332 cetera

100 3363 267 3424 inbecilla
285 3357 390 3438 †non
409 3363 502 3437 quod
523 3363 790 3437 ponderitatem
816 3363 1109 3440 gravitatemque

102 3472 244 3512 nominis

162 3535 405 3602 Nou.p.156‚3
432 3531 640 3602 ponderitatem
669 3548 686 3585 a
709 3532 846 3602 pondere,
874 3533 906 3584 ut
930 3531 1108 3601 gravitatem.

103 3603 190 3661 Accius
208 3604 386 3674 Pragmatico
405 3603 454 3658 lib.
469 3604 494 3658 I:
513 3621 536 3659 es
549 3635 585 3645 -
598 3617 701 3658 nominis.
