2460 3900
503 213 530 268 0.
550 214 674 268 Lucilius

519 385 561 442 49
586 377 657 463 [ee]

123 507 296 567 Graecum
333 512 384 581 te,
425 506 573 581 Albuci,
615 527 718 583 quam
754 508 948 568 Romanum
990 510 1098 583 etque

882 597 1065 672 Sabinum,

122 686 340 761 municipem
362 685 483 758 Ponti,
507 685 664 760 Tritani,
688 686 951 761 centurionum,

122 775 393 850 praeclarorum
437 775 619 834 hominum
664 794 703 834 ac
748 776 944 853 primorum
989 777 1097 853 signi·

880 867 1074 941 ferumque,

123 953 291 1012 maluisti
314 952 393 1013 diei.
440 971 565 1031 graece
590 973 673 1031 ergo
696 956 844 1030 praetor
866 954 1032 1028 Athenio,

123 1041 159 1099 id
178 1040 272 1117 quod
292 1043 470 1118 maluisti,
492 1045 540 1119 te,
564 1061 640 1102 oum
659 1043 772 1103 adme
791 1043 944 1118 accedis,
964 1043 1097 1103 saluto:
1126 1062 1138 1104 s

122 1131 264 1204 chaere,
300 1134 456 1208 inquam,
490 1133 579 1192 Tite.
635 1133 797 1210 lictores,
835 1135 952 1192 turma
984 1133 1097 1191 omnis

881 1223 1097 1298 chorusque:

122 1305 281 1384 ‘chaerea
315 1305 414 1370 Tite’
461 1311 544 1371 hino
573 1313 691 1370 hostis
720 1313 768 1370 mi
795 1311 983 1385 Albucius,
1015 1311 1097 1369 bine

880 1418 1058 1458 1n1micus.

148 1497 204 1552 Cic.
225 1498 257 1552 de
275 1499 322 1564 fic.
339 1503 395 1564 1,8
413 1514 457 1552 res
471 1514 535 1553 vero
550 1498 637 1552 bones
656 1499 749 1553 verbis
764 1498 861 1553 electis
880 1499 1003 1566 graviter
1017 1515 1097 1553 orna-

77 1571 163 1636 teque
187 1568 278 1622 dietas
302 1570 364 1636 quis
387 1587 443 1623 non
462 1569 559 1638 legate
592 1570 647 1623 nisi
666 1572 714 1638 qui
733 1587 763 1624 ss
781 1571 866 1639 plane
885 1568 1021 1625 Graecum
1041 1569 1097 1623 dici

76 1639 159 1708 velit,
182 1643 216 1693 ut
239 1657 255 1694 a
279 1640 412 1694 Scaevola
435 1643 478 1694 est
500 1643 629 1709 praetore
652 1642 791 1695 salutatus
814 1641 933 1696 Athenis
952 1641 1096 1695 Albucius.

78 1727 161 1779 quem
185 1711 300 1780 quidem
322 1710 415 1766 locum
438 1729 501 1765 cum
524 1711 613 1766 multa
636 1715 783 1767 venustate
801 1715 830 1766 et
849 1713 926 1766 omni
944 1711 1002 1766 sele
1021 1713 1097 1766 idem

77 1782 216 1849 Lucilius,
244 1782 320 1851 apud
348 1799 431 1850 quem
458 1783 601 1851 praeclare
630 1781 775 1839 Scaevola:
805 1797 914 1838 Graecum
933 1816 967 1824 —
986 1799 1097 1838 inimicus

77 1857 259 1910 litteratorum
287 1857 374 1923 place
403 1854 569 1910 Graecorum
597 1857 712 1910 taranta
738 1857 825 1924 tepide
853 1855 1023 1926 obiwpatur.
1065 1855 1098 1908 de

78 1928 255 1982 mancatione
273 1926 308 1992 es.
323 1927 358 1992 fr.
374 1931 419 1979 47.

148 2021 166 2068 2
193 2014 287 2084 pontii
376 2015 486 2068 tritanii
515 2016 608 2070 Putat.
628 2020 699 2070 m.2
725 2015 844 2088 Erlaup.
872 2015 985 2068 tritunii
1010 2015 1096 2069 Vatia.

78 2087 176 2141 tiranii
193 2087 285 2141 Patet.
300 2105 335 2140 m.
352 2091 375 2140 1.
451 2093 466 2139 6
486 2103 549 2142 cere
564 2089 683 2158 Ertaup.
748 2088 901 2154 cohorsque
915 2087 1099 2142 PMaaeetiue

80 2159 171 2213 tuito
195 2157 283 2212 Vatia.
374 2157 421 2211 bic
439 2159 748 2230 Polat.m.1Ertan9.
774 2159 853 2213 Vetto

496 2398 542 2456 50
562 2393 678 2477 [1284]

120 2523 203 2600 quis
235 2523 327 2582 hunc
359 2541 501 2582 currere
534 2541 659 2598 equom
690 2541 753 2582 nos
785 2527 893 2600 atque
930 2525 1098 2598 equitare

879 2612 1052 2686 videmus,

120 2703 179 2762 bis
198 2703 344 2778 equitat
367 2701 562 2778 curritque.
600 2702 714 2760 oculis
734 2703 899 2778 equitare
922 2701 1097 2760 videmus:

121 2810 206 2869 ergo
231 2791 347 2850 oeulis
371 2793 521 2866 equitat.

151 2907 219 2962 cuz.
240 2911 291 2972 18,
311 2910 341 2972 5,
359 2911 378 2960 8
399 2907 534 2975 pleraque
556 2908 631 2961 enim
654 2908 779 2960 veterum
802 2909 880 2960 aetas
904 2909 934 2960 et
955 2907 1098 2960 hominem

74 2996 150 3047 equo
177 2977 348 3032 insidentem
367 2980 395 3032 et
419 2995 521 3045 equum
540 2978 589 3045 qui
612 2978 781 3031 insideretur
803 2979 927 3046 equitem
953 2978 1097 3044 dixerunt3

74 3051 227 3120 propterea
248 3049 376 3116 equitare
395 3050 495 3116 etiam,
518 3048 593 3116 quod
611 3047 726 3102 verbum
745 3065 760 3102 e
778 3049 914 3103 vocabulo
933 3050 1036 3117 equitis
1055 3050 1098 3102 in-

75 3122 215 3176 clinatum
235 3123 287 3186 eet,
306 3120 431 3174 ethome
446 3137 517 3188 equo
531 3122 612 3174 utens
628 3121 656 3173 et
671 3135 757 3187 equus
773 3119 824 3174 sub
839 3121 951 3174 homine
965 3121 1097 3191 gradiens

74 3193 234 3247 dicebatur.
276 3191 400 3246 Lucilius
422 3192 493 3246 adeo
512 3191 554 3244 uir
577 3191 704 3259 adprime
727 3191 842 3260 linguae
865 3192 982 3246 Latinae
1007 3193 1097 3247 sciens

74 3280 181 3332 equum
205 3263 333 3330 equitare
352 3263 423 3317 dicit
441 3263 485 3316 hie
504 3263 641 3316 versibus:
665 3277 716 3324 qua
730 3294 763 3302 —
778 3278 870 3326 equitet.
903 3264 1098 3332 Noup106,

74 3339 111 3390 31
132 3335 260 3404 equitare
280 3351 391 3403 quoque
409 3334 532 3388 Lucilius
552 3349 632 3388 ecum
650 3333 728 3398 dicit,
749 3350 812 3387 cum
831 3335 1003 3388 sithominis
1019 3352 1098 3388 ecum

75 3408 184 3479 [secum
199 3407 289 3477 codd]
307 3406 470 3462 insidentis:
485 3420 535 3469 quis
549 3438 582 3445 —
597 3420 675 3459 oculis.
704 3407 828 3460 Macrob.
845 3410 871 3470 6,
885 3411 911 3471 9,
926 3411 959 3460 11
974 3405 1098 3460 Lucilius

76 3493 200 3546 namque
226 3476 268 3531 vir
295 3477 422 3546 adprime
450 3477 564 3546 linguae
591 3476 709 3530 Latinae
738 3476 811 3531 seius
839 3492 942 3543 equum
970 3477 1098 3544 equitare

76 3547 148 3603 dicit
173 3547 227 3603 hoc
252 3565 345 3604 versu:
374 3563 474 3618 nempe
498 3564 559 3603 nunc
573 3579 607 3588 -
621 3563 731 3602 videmus.
768 3549 952 3617 sophistarum
979 3548 1099 3614 ineptius

74 3627 185 3690 poetam
202 3620 324 3678 aedae
341 3621 476 3676 intellexit
492 3619 621 3692 Scutiyer.
655 3619 690 3686 cf.
704 3637 728 3673 e.
744 3623 816 3674 1117
831 3619 892 3672 Mu.

130 3721 298 3762 onmmsuese
316 3721 433 3761 Mmrnee
451 3722 581 3770 fragments
599 3720 633 3760 ed.
653 3719 778 3759 Funssonr
868 3713 884 3758 4
