2444 3902
434 131 463 187 C.
483 131 570 186 Iulius
590 131 691 187 Caesar
1009 129 1070 197 151

125 295 221 363 Pomp.
238 300 375 348 cernerent.
389 310 417 362 p.
434 297 496 360 197,
506 297 540 348 31
560 311 695 356 1111111-
705 307 796 348 uetur:
816 290 949 362 analogia
963 309 1073 362 graece,

49 364 145 419 latino
167 365 318 435 proportio.
365 364 414 419 sed
437 363 479 417 ita
502 362 581 418 illam
605 364 704 418 definit
737 364 891 436 [Donatus]
924 364 1074 435 ‘analogia

51 439 98 489 est
123 436 317 507 comparatio’.
354 451 379 489 ui
393 453 443 490 octo
458 467 485 476 —
498 449 621 490 immenso
636 450 671 490 sir.
709 434 781 490 Sere.
807 435 906 506 [serp]
930 452 1022 490 comm.
1042 437 1073 490 irc

51 509 200 578 Dersaip.
216 511 325 575 135,15
344 504 477 576 analogia
489 505 599 561 'dicitur
617 505 690 561 ratio
710 505 908 561 declinationis
927 505 1073 561 nominum

51 579 132 632 inter
146 595 173 633 se
187 579 263 634 omni
277 581 360 648 parte
374 577 521 645 similium
541 577 630 632 latine
644 576 790 647 proportio
804 578 928 632 vocatur.
956 578 1073 633 nomina

52 651 155 704 antem
171 649 275 704 similia
299 653 366 703 sunt
387 649 465 703 omni
482 652 572 719 parte,
597 649 621 704 si
640 651 703 703 octo
726 649 809 704 rebus
829 649 886 703 sint
905 649 1019 716 similia,
1042 649 1072 702 id

51 725 99 774 cst
110 737 158 775 sex
168 721 225 775 illis
235 737 309 791 quae
323 721 456 775 accidunt
469 720 587 788 nomini,
600 720 740 790 qualitate
755 721 956 790 conparatione
970 737 1074 790 gonaro

53 808 172 846 numero
189 794 280 863 ligura
295 808 370 859 casu,
390 791 493 846 deinde
507 791 585 846 exitu
598 791 780 861 syllabarum,
800 792 902 846 deinde
919 809 1073 846 consonan-

52 864 131 916 tium
153 864 261 919 ratione
285 862 532 934 paenultimamm.
571 865 657 931 atque
675 863 700 917 si
723 879 781 917 nna
805 879 849 918 res
869 863 904 918 de
922 863 985 918 istis
1009 866 1072 918 octo

54 934 195 989 similibus
210 935 336 1001 desierit,
356 935 475 989 dicimus
493 933 591 1007 [enim]
611 951 711 989 nomen
725 933 806 987 nulla
818 934 928 990 ratione
943 934 1074 989 similiter

54 1005 198 1061 declinari.
226 1009 261 1076 ef.
272 1009 376 1062 Donat.
392 1023 446 1061 ars.
457 1023 487 1075 p.
498 1010 562 1073 373,
572 1011 596 1060 4.
627 1007 714 1061 Varro
729 1007 762 1060 dc
776 1007 792 1060 i.
803 1008 838 1061 L.
849 1012 893 1073 10,
903 1011 947 1061 21.
979 1007 1071 1077 Quint.

56 1083 82 1143 1,
99 1083 126 1144 6,
139 1083 162 1132 3.
198 1080 279 1134 Prob.
303 1080 367 1133 inst.
392 1084 443 1132 ort.
467 1094 494 1145 p.
513 1081 558 1144 47,
572 1082 617 1133 23.
656 1079 744 1133 Mart.
770 1079 836 1147 Cap.
861 1082 887 1143 3,
901 1083 965 1133 290.
1003 1078 1072 1133 Isid.

56 1165 98 1203 or.
114 1154 139 1216 1,
147 1155 190 1216 28,
200 1156 223 1204 1.
257 1151 405 1218 Pompeius
419 1155 477 1204 octo
492 1149 639 1219 asclepias
655 1150 777 1204 rationes
791 1168 809 1204 a
823 1149 916 1204 Seruio
930 1150 1073 1219 recipieris,

56 1236 159 1274 ronam
172 1222 203 1275 dc
215 1220 353 1276 similibus
367 1221 532 1289 inoperatus
541 1237 687 1289 perperam
701 1220 827 1287 addidii;
846 1237 916 1288 quac
930 1238 968 1274 arc
982 1237 1074 1276 omnes

57 1309 87 1344 re
101 1309 163 1346 ocra
176 1293 277 1348 Caesar
290 1294 396 1346 coperit
410 1293 551 1346 rescimus.
586 1292 619 1346 de
634 1291 821 1361 correptoribus
838 1298 929 1346 lamere
948 1292 1074 1346 dubitari

56 1379 115 1416 uon
138 1364 205 1430 iicet,
230 1364 330 1433 quippe
348 1380 417 1432 quae
436 1363 639 1418 Aleccodrirric
656 1364 714 1417 iam
731 1370 813 1417 norae
829 1364 949 1430 suerint,
977 1363 1073 1434 ‘persua

57 1433 176 1500 qualitas
191 1437 246 1490 sive
263 1436 364 1505 speciae
380 1436 473 1506 pipare
493 1451 623 1490 eumerus
640 1451 721 1490 cacus
739 1434 839 1489 ccitee'
866 1435 911 1502 (cf.
931 1435 1071 1503 Aristoplr.

59 1505 130 1575 Byr.
147 1512 171 1560 et
186 1507 272 1562 Arsai.
293 1524 337 1576 cp.
359 1506 439 1561 Char.
463 1522 492 1574 p.
513 1509 629 1573 117,1.,
654 1507 805 1560 Grammat.
830 1506 942 1561 Belclcer.
968 1505 1070 1560 Arsecd.

54 1593 85 1644 p.
102 1580 221 1633 629-43
243 1578 333 1649 §14)‚
358 1594 392 1632 ecc
414 1577 513 1647 quibas
541 1578 652 1648 ‘percus’
681 1578 759 1646 apud
786 1577 927 1633 Gaesarem
947 1578 1073 1647 prirrum

59 1648 174 1702 obtinuit
190 1650 286 1716 locum,
304 1650 330 1704 si
346 1651 414 1716 fides
432 1655 470 1703 eci
490 1648 667 1704 Obocrobosoo
690 1648 807 1718 (Better
824 1649 927 1703 Aaccd.
943 1667 973 1718 p.
990 1653 1073 1716 1177,·

59 1721 94 1784 cf.
113 1718 216 1774 Sciliiic
235 1737 265 1789 p.
284 1723 339 1788 21),
365 1721 414 1789 qui·
435 1720 577 1790 culpatum
600 1722 770 1775 contrarium
793 1720 915 1774 ordinem
940 1720 1073 1790 ‘qualitas
1111 1763 1116 1786 ,

60 1791 151 1859 penas'
168 1792 317 1860 Apollonio
335 1791 498 1846 Herodiano
518 1792 643 1846 Romarm
661 1791 793 1846 uindicat.

130 1879 220 1934 isim.
235 1897 287 1936 om.
302 1881 378 1936 codd.
479 1885 494 1932 ‘1
515 1879 621 1934 similes
634 1880 748 1949 scripsi:
768 1879 895 1948 syllabae
986 1885 1001 1934 9
1022 1881 1070 1952 sit]

63 1953 103 2002 est
124 1951 210 2008 Parae.
230 1957 304 2007 1180

504 2065 547 2126 12
570 2061 619 2145 [o]

124 2173 194 2233 duae
218 2176 288 2232 sunt
306 2173 410 2248 Albae,
434 2174 495 2231 alia
517 2176 578 2232 ista
596 2193 687 2249 quam
709 2175 846 2232 novimus
869 2175 901 2232 in
919 2173 1022 2233 Aricia
1041 2179 1071 2233 et

63 2260 119 2320 alia
141 2262 188 2322 hic
209 2265 242 2320 in
265 2262 363 2321 Italia.
409 2263 543 2322 volentes
570 2263 699 2321 Romani
729 2263 936 2322 discretionem
964 2264 1071 2338 facere,

62 2350 127 2410 istos
145 2351 277 2412 Albanos
296 2351 442 2426 dixerunt,
464 2352 533 2411 illos
556 2351 708 2411 Albenses,

125 2451 218 2519 Pomp.
235 2457 373 2505 cornmcrrt.
387 2467 418 2518 p.
434 2454 494 2517 144,
505 2454 540 2504 17
559 2451 603 2521 (=
619 2451 694 2505 Plio.
710 2451 773 2505 dub.
787 2467 865 2505 serra.
876 2467 906 2519 p.
922 2454 967 2517 39,
978 2452 1069 2520 1713.)

62 2518 128 2574 Alba
149 2521 260 2576 civitas:
287 2520 338 2574 alii
360 2520 460 2575 dicunt
482 2520 618 2590 Albanus,
644 2520 694 2574 alii
716 2520 861 2576 Albenses.
899 2537 973 2590 quae
996 2521 1070 2574 ratio

61 2593 115 2646 est?
148 2592 286 2662 numquid
313 2607 461 2662 possumus
489 2591 573 2656 scire,
606 2609 692 2661 quare
720 2593 761 2646 sic
790 2592 892 2716 [quidAE¹
910 2592 1070 2648 invenitur?

61 2660 152 2718 Caesar
194 2663 290 2719 uidem
309 2663 339 2717 in
357 2663 437 2718 lib1is
457 2663 614 2734 analogicis
637 2662 727 2718 voluit
745 2663 839 2719 dicere
884 2663 1068 2719 'scretionem

60 2734 97 2787 ait
117 2736 156 2790 sic
174 2683 283 2790 ‘baasor
305 2734 336 2788 in
358 2734 438 2790 libris
463 2734 625 2818 analogiae:
652 2750 710 2790 uuas
723 2767 750 2775 —
763 2748 878 2790 Albenses.
903 2767 936 2775 -
960 2733 1068 2790 Plinius

59 2803 194 2861 Secundus
222 2809 309 2876 negat
332 2808 362 2861 et
384 2807 426 2860 ait
449 2805 502 2861 sic:
533 2806 742 2861 ‘mdifferenter
768 2807 840 2861 haec
867 2805 1067 2860 inveniuntnr’.

64 2877 144 2933 Varro
161 2880 195 2933 dc
215 2880 231 2933 i.
248 2878 282 2932 L.
302 2882 330 2944 8,
345 2882 380 2932 35
408 2895 472 2931 cum
495 2878 568 2933 duae
592 2879 649 2931 sint
672 2877 771 2944 Albae,
797 2878 833 2931 ab
858 2893 914 2931 una
937 2877 1070 2932 dicuntur

58 2947 167 3018 Albani,
196 2949 234 3003 ab
260 2949 351 3003 altera
374 2948 519 3004 Albenses.
556 2950 591 3016 cf.
613 2950 693 3005 Odor.
715 2967 738 3019 p
767 2954 829 3017 106,
845 2955 868 3004 1.
905 2952 987 3005 serta
1012 2967 1069 3005 acu

58 3021 139 3087 ipsius
157 3022 284 3077 anscrr's
301 3028 372 3076 eset.

123 3136 137 3183 1
156 3127 239 3182 uuas
255 3128 389 3195 Wozseoe.
516 3109 592 3181 aleia
606 3129 698 3183 Paro.
714 3131 786 3182 1179
799 3134 824 3182 er
838 3132 911 3181 nec
940 3127 1066 3182 ‘crisa’

59 3215 88 3251 cs
98 3199 207 3254 Mareia
220 3206 387 3268 corruptam,
398 3199 514 3254 ‘Italia'
526 3205 617 3253 autcm
630 3201 720 3268 inepte
729 3199 878 3267 probatio
891 3199 1069 3254 mossarum

59 3271 216 3340 cPompeio
235 3273 304 3326 ceni.
324 3271 485 3340 Nipperdey
499 3287 528 3339 p.
544 3274 598 3325 754

500 3424 542 3479 13
583 3422 602 3479 5

118 3547 182 3588 oum
203 3547 305 3588 omnes
329 3529 402 3587 artis
426 3528 544 3601 latores,
566 3414 784 3603 lnluecipuequc
804 3524 921 3600 Caesar,
944 3529 1068 3601 propter
