2444 3902
403 196 440 250 M.
461 195 607 251 Terentius
627 198 714 252 Varro
1006 197 1069 262 181

61 355 185 410 maximas
204 359 302 426 posset
319 355 474 424 publicare,
494 357 561 410 data
576 357 670 410 Marco
684 358 804 411 Varroni
820 375 886 412 cura
905 375 1076 427 comparans

62 426 201 480 (10111100
220 428 439 498 digerendamm
459 429 496 498 [c.
518 433 572 482 707
575 427 638 499 s47]
657 431 692 496 cf.
712 431 780 484 10101.
801 447 839 484 or.
860 436 886 497 6,
902 435 967 497 5,1.

127 512 165 560 14.
188 509 267 562 Pria:
287 526 316 560 11.
335 510 360 561 h.
386 512 479 575 7,115
513 509 550 561 M.
570 508 703 562 Varronis
731 509 761 562 in
789 509 970 576 bibliotheca,
999 526 1071 578 quae

62 578 144 644 prima
160 579 189 631 in
203 579 269 632 orbe
290 579 325 633 ab
341 580 438 634 Asinio
453 579 580 634 Pollione
596 597 630 634 cx
643 580 785 634 manubiis
804 581 951 650 publicabo
965 581 1072 636 Romae

63 651 204 714 asturius
222 650 342 705 viventis
362 652 458 720 posita
478 651 572 722 imago
592 654 642 706 est.

128 736 166 785 15.
186 731 239 786 Cic.
255 732 333 786 acad.
349 739 420 800 post.
441 737 498 798 1,9
517 733 566 802 [ad
586 731 746 802 Varronem]
767 748 817 785 nos
837 732 867 785 in
886 735 983 786 nostra
1003 731 1072 786 urbe

63 803 257 871 peregrinantis
286 803 463 872 errantisque
495 803 796 872 tamquam·hospites
823 804 867 856 tui
895 803 961 857 libri
989 804 1072 872 quasi

64 871 169 927 domum
181 875 360 942 reduxerunt,
378 877 411 928 ut
424 891 570 944 possemus
586 874 748 942 aliqnando,
767 874 817 942 qui
832 878 861 929 et
875 875 924 929 ubi
938 892 1072 944 essemus,

64 961 210 1012 agnoscere.
247 948 279 999 tu
299 947 423 1000 aetatem
441 946 559 1014 patriae,
583 949 615 999 tn
634 945 833 1014 discriptiones
852 949 1021 1015 temporum,
1040 948 1074 1000 tu

64 1031 194 1070 sacrorum
218 1017 295 1082 iura,
324 1019 355 1070 tu
382 1018 571 1082 sacerdotum,
600 1020 632 1070 tu
658 1016 854 1082 domesticam,
882 1019 915 1072 tu
940 1017 1073 1072 bellicam

65 1087 239 1157 disciplinam,
259 1091 290 1142 tu
306 1089 402 1142 sedem
414 1089 564 1158 regionum
578 1088 711 1155 locorum,
730 1090 763 1140 tu
775 1089 899 1142 omnium
914 1089 1073 1143 divinarum

64 1157 292 1227 humanarumque
310 1176 403 1212 rerum
426 1161 541 1214 nomina
564 1175 668 1230 genera
692 1159 785 1214 officia
809 1176 908 1214 causas
937 1161 1074 1228 aperuisti

65 1228 258 1300 plurimumque
277 1231 353 1284 idern
371 1233 464 1300 poetis
483 1232 587 1286 nostris
608 1231 776 1299 omninoque
793 1231 902 1284 Latinis
922 1234 950 1285 ct
968 1230 1073 1286 litteris

66 1299 170 1355 luminis
189 1308 216 1356 01
234 1302 327 1357 verbis
351 1302 475 1357 attulisti
499 1305 584 1371 atque
606 1303 669 1371 ipse
687 1303 796 1356 varium
814 1305 843 1355 01
862 1301 977 1373 elegans
997 1302 1074 1357 omni

65 1371 119 1426 fere
140 1391 249 1427 numero
277 1379 378 1442 poema
404 1372 498 1428 fecisti
524 1374 788 1444 philosophiamque
813 1373 912 1428 multis
937 1373 1006 1428 locis
1031 1375 1075 1427 in·

66 1442 177 1509 choasti,
205 1446 241 1498 ad
266 1445 471 1514 impellendum
491 1446 580 1511 satis,
609 1446 645 1498 ad
672 1445 845 1499 edocendum
871 1462 979 1513 parum.
1019 1447 1073 1501 oa.

66 1513 141 1570 Brut.
155 1521 188 1570 60
209 1516 297 1571 Varro
317 1520 412 1571 nostor
432 1517 668 1587 diligentissimus
687 1517 874 1586 investigator
893 1517 1074 1585 antiquitatis

68 1586 117 1640 cia
131 1588 164 1641 cd
179 1591 235 1642 Ata.
256 1592 392 1654 13,1o,2
411 1589 474 1657 ipse
494 1589 609 1660 [Varro]
630 1588 713 1642 homo
732 1588 987 1656 πολυγραφώτατος

131 1672 170 1720 16.
190 1669 249 1723 Vol.
265 1670 347 1722 Mea,
357 1673 383 1736 8,
396 1673 449 1735 7,3
468 1668 616 1722 Terentius
632 1669 728 1722 antem
737 1667 827 1722 Varro
842 1667 984 1722 humanae
998 1668 1076 1722 vitae

68 1736 166 1822 arpletq
180 1740 272 1822 spatio
286 1757 343 1824 non
358 1740 448 1822 annis,
468 1739 569 1808 quibus
585 1739 691 1822 saeculi
706 1743 816 1808 tempus
832 1740 971 1822 aequavit,
985 1757 1075 1822 ¹quam

69 1807 364 1951 :baltath
379 1811 757 1936 1111311111111110
777 1813 805 1864 a
825 1813 941 1879 θρωπε
967 1828 1026 1865 ⁶¹¹²⁸
1046 1812 1075 1865 ⁶⁶

131 1965 169 2014 17.
190 1961 282 2031 {haim
297 1967 341 2028 10,
353 1967 377 2027 1,
388 1967 424 2016 95
444 1962 562 2016 alterum
577 1961 650 2015 illud
664 1963 750 2016 ctiam
763 1961 842 2030 prius
858 1964 969 2016 saturae
985 1979 1074 2032 genus

70 2030 183 2085 sednon
206 2033 267 2087 sola
290 2034 445 2087 carminum
468 2034 605 2088 varietate
631 2034 750 2087 mixtum
775 2033 902 2087 condidit
926 2033 1075 2087 Terentius

70 2099 153 2168 Varro,
175 2105 216 2158 vir
238 2105 428 2158 Romanorum
455 2105 670 2159 eruditissimus.
708 2104 844 2173 plurimos
868 2104 915 2159 hic
934 2105 1020 2158 libros
1047 2105 1075 2157 et

70 2172 230 2230 doctissimos
255 2176 421 2245 composuit,
444 2176 632 2244 peritissimus
656 2176 770 2245 linguae
789 2175 906 2230 Latinae
931 2179 960 2229 et
983 2177 1075 2230 omnis

71 2245 234 2314 antiquitatis
261 2250 290 2301 et
317 2264 410 2301 rerum
438 2247 607 2302 Graecarum
635 2250 857 2315 nostrarumque,
886 2247 949 2316 plus
978 2250 1074 2301 tamen

70 2315 189 2372 scientiae
217 2319 370 2373 collaturus
398 2336 484 2386 quam
513 2319 699 2386 eloquentiae.
741 2320 779 2372 id.
804 2323 958 2386 12,11,24
976 2324 1076 2391 {quam

70 2387 154 2456 multa,
172 2407 261 2459 paene
281 2391 383 2457 omnia,
403 2391 524 2444 tradidit
543 2391 645 2445 Varro!

129 2474 169 2525 182
187 2472 271 2540 Apul.
287 2473 406 2539 000142
432 2469 586 2524 Varronem
599 2471 800 2540 philosophum
815 2470 907 2525 virum
922 2469 1076 2524 accuratis-

70 2537 128 2592 sime
147 2543 259 2595 doctnm
278 2544 363 2610 atque
384 2543 527 2596 eruditum

130 2627 169 2675 19.
189 2623 293 2677 Aaron.
313 2639 405 2677 coram.
420 2624 495 2690 prof.
516 2623 605 2676 Bard.
626 2626 682 2676 XX
693 2629 710 2676 9
725 2640 755 2691 p.
772 2627 809 2676 66
821 2625 853 2676 P.

206 2702 296 2755 omnis
317 2701 461 2754 doctrinae
479 2702 552 2755 ratio
572 2701 626 2754 tibi
647 2702 769 2772 cognita,
789 2704 925 2769 quantam

205 2773 303 2827 condit
323 2773 456 2826 sescentis
475 2772 564 2826 Varro
583 2772 782 2827 voluminibus.

130 2865 171 2914 20.
191 2864 308 2932 napaei.
325 2864 374 2916 cio.
390 2863 416 2916 d.
432 2867 490 2928 6,2
509 2862 557 2929 qui
577 2863 633 2934 [M.
654 2862 753 2932 Varro]
772 2864 832 2914 tam
852 2863 905 2916 etsi
924 2862 1017 2915 minus
1033 2863 1078 2916 cst

71 2931 151 2985 suane
176 2933 300 3001 eloquio,
330 2933 459 2986 doctrina
487 2936 581 2987 tamen
608 2936 693 3001 atque
720 2933 867 2987 sententiis
891 2934 933 2986 ita
955 2933 1076 2988 refertus

71 3003 114 3068 cst,
135 3005 210 3057 utin
230 3004 306 3058 omni
330 3005 495 3069 eruditione,
523 3021 608 3073 quam
630 3021 681 3058 nos
706 3005 886 3070 saecularem,
913 3004 956 3057 illl
981 3007 1077 3058 autem

71 3069 202 3129 liberalem
215 3078 326 3141 vocant,
342 3076 499 3129 studiosum
514 3093 606 3129 rerum
621 3078 732 3129 tantum
747 3076 801 3130 iste
814 3077 922 3139 doceat,
937 3079 1077 3143 quantum

72 3144 215 3220 studiosum
241 3147 390 3200 verborum
415 3145 510 3200 Cicero
537 3146 668 3201 delectat.
691 3180 723 3186 —
748 3148 802 3201 iste
831 3146 919 3217 igitur
946 3147 988 3200 vir
1015 3148 1077 3200 tam

72 3214 177 3285 msignis
187 3218 405 3287 excellentisque
420 3219 539 3288 peritiae
550 3220 586 3286 et,
602 3219 676 3287 quod
688 3219 722 3272 de
733 3219 782 3273 illo
793 3219 880 3272 etiam
890 3217 1076 3271 Terentianus

72 3283 267 3357 elegantissimo
287 3289 424 3344 versiculo
444 3289 565 3344 breviter
585 3291 626 3343 ait
645 3291 732 3360 [mcor.
751 3290 847 3360 2846]‚

280 3369 324 3424 vir
343 3369 522 3425 doctissimus
541 3371 736 3438 undecumque
755 3369 853 3436 Varro,

72 3445 113 3512 qui
129 3451 183 3502 tam
201 3450 292 3503 multa
316 3449 395 3520 legit,
419 3453 450 3502 ut
470 3449 579 3519 aliquid
602 3451 629 3504 ei
649 3451 769 3504 scribere
788 3449 916 3502 vanuisse
935 3449 1076 3516 miremur,
1155 3445 1160 3453 '

72 3517 121 3570 tam
134 3520 219 3574 multa
239 3521 361 3589 scripsit,
381 3539 466 3589 quam
484 3521 574 3574 multa
588 3523 634 3575 vix
648 3537 818 3589 quemquam
837 3519 931 3589 legere
950 3520 1077 3587 potuisse

72 3589 209 3647 credamus.
248 3593 428 3659 1111111111.
445 3595 559 3661 passim.
