2444 3902
427 163 466 218 M.
485 163 631 218 Terentius
650 163 738 218 Varro
935 209 936 216 1
1026 161 1092 227 215

54 353 159 396 masne
184 353 228 394 an
246 327 407 412 Hesiadns]
432 334 515 408 prior
537 335 577 392 sit
600 334 697 407 natus,
720 351 827 409 parum
850 334 986 391 constare
1008 330 1092 408 diait,

57 425 204 484 sednon
223 441 285 483 esse
305 422 436 496 dubium,
460 423 532 498 quin
556 423 657 496 aliquo
676 424 809 497 tempore
828 421 931 479 eodem
953 422 1091 496 vixerint,

55 515 158 589 idque
189 531 226 572 ox
254 514 467 590 epigrammate
496 505 573 590 [ΑΡ
595 515 623 579 7,
642 505 696 591 53]
725 511 850 586 ostendi,
881 509 1015 586 quadiu
1037 513 1090 569 tri·

57 603 145 678 pode
176 602 323 678 seriptum
353 604 410 676 est,
444 603 496 676 qui
525 603 557 658 in
588 602 689 659 monte
719 600 862 659 Helieone
893 600 929 658 ab
960 599 1117 659 Hesiodea

57 694 187 768 positus
210 690 348 750 traditiu.

142 789 213 844 Gall.
229 793 303 855 3,11
322 804 406 857 snper
425 790 519 843 aetate
537 787 653 842 Homeri
671 789 757 855 atque
771 786 889 841 Hesiodi
903 804 960 841 non
974 803 1090 841 eonsen-

57 861 147 914 titur.
168 859 220 914 ulii
233 859 385 914 Homerum
399 877 485 928 quam
499 858 654 913 Hesiodum
667 859 804 912 maiorem
817 860 887 912 natu
901 857 988 912 fuisse
1003 858 1090 927 serip-

58 932 180 998 serunt,
213 930 244 984 in
271 931 335 1000 quis
362 930 546 986 Philochorus
579 931 689 1002 [ΓΗΘ
708 935 733 997 1,
748 930 814 1002 393]
847 931 876 984 et
904 929 1090 999 Xenophanes

59 1004 129 1128 gub
132 1008 169 1058 13
181 1003 277 1127 Diffi,
301 1002 351 1056 alii
369 1003 520 1126 611ῃοῖ316,
543 1001 656 1070 inquis
675 1001 705 1054 L.
724 1001 826 1056 Aonius
844 1003 930 1070 poeta
949 1001 996 1072 [fr.
1012 1003 1041 1072 1]
1061 1003 1091 1113 et

84 1093 106 1143 p
131 1091 199 1128 orus
248 1090 261 1126 s
276 1089 353 1134 onae
372 1090 446 1143 sonp
461 1091 492 1128 ar
510 1073 620 1144 [ΓΗΘ
635 1079 660 1140 1,
673 1073 801 1143 277Μ.)
820 1087 851 1127 u.
871 1075 966 1126 autem
980 1088 1053 1127 varro

59 1161 172 1202 martur.
199 1146 234 1211 es.
251 1145 320 1202 Gal.
337 1149 380 1211 17,
389 1149 435 1212 21,
445 1149 470 1199 3.
490 1145 588 1200 ΓΗΘ
603 1150 628 1211 1,
643 1148 740 1214 39236.
753 1145 794 1199 M.
810 1145 888 1200 Snid.
903 1161 925 1199 3.
940 1141 1090 1213 awanam

61 1217 149 1272 mem.
169 1217 251 1271 Alea.
269 1223 359 1272 strom.
376 1222 400 1283 1,
414 1221 459 1272 21.
489 1218 604 1271 Hieron.
624 1215 663 1270 ad
681 1233 706 1269 a.
727 1217 794 1271 Alr.
815 1220 893 1270 1104.

141 1331 159 1376 4
179 1324 225 1394 ex]
244 1325 274 1377 et
293 1324 400 1379 Ritsall

521 1458 561 1515 69
602 1459 621 1513 4

64 1564 120 1622 l.I.
145 1564 291 1640 ospello
304 1563 449 1622 Homeri
468 1449 727 1622 aaudiria]haeo
745 1562 921 1620 tumulum
934 1561 1087 1635 iudicat,

145 1652 242 1728 quod
263 1653 329 1712 huo
351 1652 451 1711 Ietae
474 1655 614 1711 mortuo
637 1651 779 1710 faoiunt
802 1668 911 1709 saara.

137 1751 207 1806 Gall.
223 1754 307 1817 3,11,
323 1755 382 1820 636.
421 1750 456 1804 de
474 1749 568 1818 patria
586 1765 698 1818 quoque
717 1748 832 1804 Homeri
855 1748 945 1804 multo
963 1749 1085 1802 maxime

67 1821 222 1875 dissensum
245 1823 297 1875 est.
335 1820 385 1875 alii
408 1819 625 1889 Colophonium,
651 1820 701 1874 alii
725 1819 922 1888 Smymaeum‚
948 1822 1014 1873 sunt
1036 1820 1086 1889 qui

68 1892 276 1958 Atheniensem,
295 1894 361 1946 sunt
379 1892 465 1946 etiam
484 1893 534 1961 qui
552 1893 722 1962 Aegyptium
743 1890 831 1946 fuisse
850 1892 959 1958 dicant,
978 1892 1085 1946 Aristo-

68 1963 134 2018 teles
157 1965 205 2036 [sr.
221 1969 257 2020 66
272 1965 360 2019 4366.
380 1964 486 2034 Barall
508 1963 629 2017 tradidit
652 1979 686 2016 ex
708 1963 802 2016 insula
824 1963 862 2018 Io.
884 1962 921 2017 M.
942 1963 1031 2016 Varro
1055 1964 1085 2016 iu

68 2033 137 2089 libro
165 2034 200 2088 de
228 2035 401 2105 imaginibus
429 2035 521 2103 primo
545 2034 660 2088 Homeri
685 2033 804 2104 imagini
832 2033 1008 2103 epigramma
1031 2034 1084 2090 hoa

70 2107 208 2175 apposuit:
227 2122 315 2169 capelle
328 2138 355 2147 -
368 2132 437 2161 saara.

138 2203 151 2248 1
171 2194 326 2261 tumultum
344 2195 420 2250 3366.
440 2202 509 2264 apa:
527 2213 576 2249 am.
595 2195 671 2249 3666.
691 2195 772 2250 detor.
859 2199 874 2247 2
895 2193 975 2259 Quod
994 2195 1084 2250 aoiete

71 2266 196 2332 (soietem
214 2266 234 2318 h
253 2274 318 2322 ante
337 2285 354 2320 a
372 2283 405 2321 33.
426 2267 622 2338 [63666666
642 2283 690 2321 em.
709 2266 865 2321 Salmasius

200 2515 249 2568 DE
269 2514 453 2570 SCAENICIS
473 2514 682 2570 ORIGINIBUS
701 2513 891 2569 LIBRORUM
903 2511 948 2567 ἸΙΙ

135 2646 228 2695 contra
247 2641 413 2710 Hieronymi
430 2641 613 2695 testimouium
631 2642 728 2709 (snpra
745 2640 805 2694 ind.
824 2657 854 2708 p.
874 2642 940 2708 182)
965 2655 1016 2694 nas
1038 2641 1082 2696 De

72 2712 466 2852 61263223·
475 2728 571 2837 sam
583 2710 1082 2852 lnllmmlllllltttla

72 2854 125 2905 nu
146 2855 301 2909 amaron
323 2823 359 2920 crs
384 2853 538 2920 Ouanias,
563 2854 707 2909 commen.
728 2825 801 2923 pio?
822 2854 860 2908 aa
882 2855 943 2908 nn.
971 2853 1079 2909 61366,

73 2922 188 2990 (Lipsiae
196 2928 283 2994 1888)
297 2942 328 2993 p.
344 2929 441 2994 42636.
461 2942 591 2980 nnmems
608 2932 699 2980 antem
713 2926 846 2981 librornm
859 2927 895 2979 ab
910 2927 1081 2996 Hieronymo

73 2994 181 3050 andins
202 2998 422 3065 ascriptoribus
444 2997 630 3062 confirmatnr.
667 3003 800 3051 naturam
823 2999 912 3066 operis
939 2996 1081 3052 Cialmrins

73 3063 311 3130 definireaanatas
333 3073 372 3122 est
396 3068 473 3137 (ibid.
487 3084 515 3135 p.
530 3071 625 3136 41736.
664 3074 688 3122 et
706 3068 869 3136 praesertim
887 3069 964 3136 426);
988 3070 1081 3136 anisi

74 3150 122 3188 nan
142 3140 218 3192 nnlla
241 3138 421 3194 Varroniano
444 3156 463 3192 a
485 3139 581 3193 Plinio
604 3145 712 3193 servata
736 3139 821 3194 eidem
839 3140 949 3204 tribnit,
972 3146 1079 3206 anania

72 3208 208 3272 prudentia
225 3212 280 3265 ista
294 3213 325 3264 in
343 3227 372 3265 re
391 3226 460 3278 opas
472 3211 509 3263 sit
524 3209 657 3264 Mnenner
669 3215 738 3264 reeta
756 3210 864 3264 mannil
877 3210 1040 3280 (Qnellenln.
1052 3212 1077 3266 d.

75 3275 120 3348 Ny.
138 3280 162 3332 6.
181 3281 256 3335 Plin.
272 3297 302 3350 p.
322 3283 439 3350 14536.)
476 3281 569 3351 66663
591 3298 623 3335 36
642 3281 680 3334 66
697 3283 816 3335 incertae
834 3281 906 3336 sedis
922 3281 1079 3352 fraymenta

74 3349 237 3420 relapaoimns
258 3353 305 3421 (fr.
325 3355 491 3423 309-318)
515 3352 622 3407 omissis
639 3353 732 3406 Plinii
748 3370 776 3405 n.
795 3353 820 3405 n.
841 3355 885 3418 17,
905 3357 929 3406 6.
950 3355 1000 3419 36,
1023 3356 1079 3408 204

75 3419 113 3484 (rs.
126 3425 166 3488 34,
179 3427 222 3478 36.
241 3429 284 3491 36,
301 3427 326 3478 5,
347 3426 477 3493 56114),
497 3440 566 3492 qaae
585 3425 748 3478 vehementer
766 3423 890 3477 dnbitmi
904 3428 994 3492 potest
1010 3441 1078 3478 nnm

80 3488 198 3548 Varronis
214 3496 271 3550 sint
289 3497 434 3564 (Maenia
448 3495 513 3549 ibid.
529 3512 559 3564 p.
574 3500 637 3549 146.
652 3498 715 3549 328.
730 3497 803 3564 332).
835 3511 868 3549 36
887 3511 990 3564 quoqne
1008 3514 1078 3564 qnae

76 3559 103 3614 dr
122 3567 264 3633 ammaim,
288 3567 320 3620 da
346 3565 500 3637 napaadia,
526 3567 559 3620 63
584 3567 687 3621 theatra
714 3571 780 3620 ami
810 3565 855 3632 (fr.
880 3569 1002 3635 30236),
1027 3569 1079 3622 etsi
