2442 3902
392 199 430 252 M.
450 199 596 254 Terentius
615 198 703 252 Varro
759 191 762 196 ’
990 159 1055 260 313

41 369 253 447 adaggeratam
275 369 355 443 Nilo,
386 368 554 445 siquidem
578 387 596 428 a
619 368 716 426 Pharo
743 367 851 440 insula,
878 385 954 443 quae
977 386 1056 426 nunc

38 457 237 518 Alexandriae
265 459 355 533 ponta
377 459 521 537 iungitur,
549 458 645 517 noctis
670 457 787 532 dieique
810 455 926 517 velifico
954 454 1056 534 navigi

39 565 127 606 cursu
159 549 271 606 terram
295 547 416 608 afuisse
453 547 594 623 prodidit.
639 566 708 606 mox
740 545 940 605 aemulatione
977 547 1056 604 circa

37 635 233 696 bibliothecas
269 655 374 714 regum
410 636 575 696 Ptolemaei
612 639 641 696 et
673 636 816 694 Eumenis
853 635 1056 712 supprimente

37 726 159 786 chartas
180 726 351 786 Ptolemaeo
374 726 453 785 idem
471 725 568 785 Varro
591 726 779 786 membranas
800 724 939 802 Pergami
961 723 1057 783 tradit
1071 747 1096 787 15

37 818 181 890 repertas.
221 818 327 892 postea
349 811 515 891 promiscue
538 817 671 890 repatuit
693 833 764 874 usus
787 815 831 873 rei
855 833 915 890 qua
938 814 1057 873 constat

36 905 239 964 inmortalitas
262 905 425 964 hominum.

109 1039 185 1094 Plio.
193 1057 221 1093 n.
231 1040 256 1092 h.
267 1043 311 1105 13,
322 1041 358 1094 68
372 1038 449 1107 prius
463 1040 558 1092 tamen
573 1055 659 1108 quam
669 1037 861 1106 digrediamur
871 1037 906 1091 ab
917 1038 1056 1108 Aegypto,

38 1109 65 1160 at
83 1110 186 1180 papyri
204 1113 307 1164 natura
325 1108 446 1177 dicetur,
471 1127 533 1164 cum
553 1111 666 1164 chartae
685 1127 738 1163 usu
756 1107 876 1162 maxime
895 1107 1056 1163 humanitas

37 1177 113 1234 vitae
140 1184 254 1250 constet,
279 1183 354 1235 certe
377 1181 519 1236 memoria.
557 1200 579 1236 a
596 1197 656 1236 hanc
674 1213 700 1222 -
718 1194 841 1235 hominum.
877 1182 912 1249 cs.
933 1181 1004 1251 Irpd.
1025 1181 1057 1235 de

39 1268 121 1306 nana.
145 1257 289 1321 p.14,11
313 1254 355 1308 W.
379 1253 494 1308 Hieron.
514 1271 554 1322 ep.
578 1255 616 1307 ad
640 1253 776 1309 Chromct.
798 1252 862 1306 VII.
907 1252 979 1308 Suet.
998 1253 1055 1307 rell.

36 1339 64 1390 p.
80 1325 136 1378 130
149 1325 183 1380 R.
199 1327 243 1392 (=
259 1325 327 1380 Isid.
343 1341 381 1379 or.
397 1329 423 1391 6,
438 1329 463 1378 9.
484 1329 526 1402 30.
547 1330 589 1380 11.
609 1325 654 1393 12)
679 1341 805 1378 cerarum
824 1323 949 1377 studium
972 1323 1057 1392 primi

41 1391 139 1448 Graeci
163 1395 313 1450 tradidisse
337 1396 501 1465 produntur.
540 1396 640 1450 Graeci
663 1397 758 1449 autem
782 1395 810 1448 et
828 1393 912 1449 Tusci
934 1395 1056 1464 primum

42 1463 112 1519 ferro
126 1465 156 1520 in
169 1466 240 1522 ceris
255 1467 433 1537 scripserunt,
448 1470 546 1536 postea
559 1467 679 1521 Romani
693 1466 843 1533 iusserunt,
857 1485 892 1520 ne
906 1465 1057 1536 graphium

43 1534 160 1591 ferreum
179 1540 243 1606 quis
261 1538 392 1605 haberet3
410 1540 485 1592 unde
505 1541 533 1592 ct
552 1540 627 1608 apud
646 1538 752 1592 scribas
772 1537 930 1592 dicebatur:
952 1539 1057 1592 ‘ceram

42 1605 112 1663 ferro
127 1628 161 1663 ne
175 1608 308 1664 caedito’.
341 1612 441 1679 postea
455 1611 617 1665 institutum
633 1613 683 1676 est,
697 1611 730 1663 ut
743 1609 773 1663 in
788 1626 852 1664 cera
866 1608 975 1663 ossibus
990 1609 1056 1676 scri-

42 1676 146 1748 berent,
160 1681 233 1736 sicat
248 1681 356 1736 indicat
365 1683 433 1736 Atta
444 1681 474 1735 in
486 1685 582 1736 satura
592 1683 688 1736 dicens
702 1681 845 1754 [sari]
857 1699 880 1736 c.
892 1686 928 1737 12
936 1680 1056 1752 Ribb.³]:

45 1749 193 1807 ‘vadamus
220 1770 368 1821 vomerem,
388 1751 403 1826 s
422 1752 452 1806 in
481 1769 544 1808 cera
576 1769 707 1809 mucrone
740 1769 829 1822 aeque
857 1752 1056 1823 [mucroneque

44 1823 131 1878 codd:
158 1843 205 1880 aa.
230 1823 310 1879 Rana.
335 1841 466 1879 mucrone
490 1841 634 1879 exaremus
654 1841 736 1894 prop.
760 1824 918 1896 Buecheler]
947 1841 1056 1878 aremus

45 1896 139 1949 osseo'.
185 1895 336 1966 graphium
363 1899 458 1950 autem
484 1913 593 1967 graece,
620 1896 709 1950 latine
738 1895 916 1966 scriptorium
944 1895 1056 1950 dicitur.

44 1980 104 2018 nam
118 1966 214 2036 γραφὴ
228 1967 368 2036 scriptura
383 1969 433 2022 est.
452 2001 485 2008 -
506 1968 666 2022 chartarum
679 1985 761 2022 usum
774 1967 897 2036 primum
910 1965 1057 2037 Aegyptus

45 2034 216 2104 ministravit,
236 2041 367 2108 coeptum
386 2040 462 2108 apud
481 2039 694 2108 Memphiticam
712 2037 818 2092 urbem.
838 2071 872 2078 —
891 2038 1057 2110 Pergameni

45 2122 118 2178 reges
137 2127 201 2164 cum
220 2111 318 2164 charta
332 2110 393 2164 indi
414 2113 493 2164 erent
505 2111 669 2166 membrana
682 2110 803 2180 primum
818 2111 1056 2181 excogitaverunt.

46 2207 75 2218 —
101 2182 242 2250 quaedam
268 2197 373 2252 genera
394 2129 535 2236 librorum
564 2183 646 2236 certis
674 2181 797 2236 modulis
825 2183 1057 2248 conficiebantur;

46 2246 160 2307 breviori
174 2253 265 2308 forma
279 2252 404 2308 carmina
418 2256 503 2322 atque
518 2254 665 2323 epistulae,
686 2257 793 2309 atvero
807 2253 943 2308 historiae
957 2253 1057 2308 maiori

46 2323 153 2378 modulo
176 2323 383 2392 scribebantur;
407 2326 435 2379 et
458 2342 514 2380 non
537 2325 628 2380 solum
651 2326 681 2380 in
705 2326 803 2380 charta
827 2327 855 2380 et
878 2324 1056 2393 membranis,

48 2395 91 2448 sed
110 2394 194 2450 etiam
213 2395 243 2449 ia
263 2396 382 2450 omentis
397 2397 559 2468 [momentis
576 2398 629 2453 Ga.
646 2397 674 2470 1]
694 2395 883 2466 elephantinis
897 2396 1057 2450 textilibus·

48 2480 95 2532 que
113 2467 270 2522 malvarum
288 2466 365 2523 loliis
384 2471 468 2536 atque
488 2469 654 2537 palmarum.
675 2499 708 2510 -
728 2467 891 2522 circumcidi
910 2467 997 2522 libros
1016 2467 1057 2522 Si·

46 2535 122 2592 ciliae
147 2538 268 2608 primum
294 2538 446 2606 increbuit3
472 2557 538 2594 nam
563 2541 646 2594 initio
671 2539 896 2610 pumicabantur.
917 2571 949 2580 -
970 2541 1057 2594 codex

15 2619 20 2632 ’
44 2607 190 2664 multorum
209 2609 346 2664 librorum
364 2612 420 2678 ast,
440 2610 512 2665 liber
530 2612 613 2666 unius
632 2611 789 2666 voluminis.
820 2613 847 2664 et
862 2611 954 2665 dictus
970 2610 1058 2666 codex

45 2694 92 2745 per
107 2681 320 2737 translationem
339 2698 356 2735 a
375 2682 538 2736 caudicibus
557 2683 658 2754 [codic.
691 2684 782 2738 codd:
800 2700 848 2737 em.
863 2683 957 2754 Areu]
977 2683 1058 2736 arbo-

2 2797 6 2804 .
45 2766 103 2805 ram
120 2770 169 2808 seu
187 2753 288 2807 vitium
307 2752 401 2824 [quasi
415 2754 542 2826 caudex]‚
562 2757 637 2823 quod
656 2755 686 2808 in
701 2771 730 2808 se
744 2754 957 2808 multitudinem
970 2754 1058 2808 libro-

45 2835 102 2876 rum
119 2824 201 2892 quasi
219 2841 359 2878 ramorum
378 2825 530 2880 contineat.
567 2826 697 2880 volumen
720 2825 791 2879 liber
815 2827 857 2879 cst
880 2842 897 2879 a
919 2825 1057 2880 volvendo

46 2892 140 2949 dictus.
169 2894 242 2950 liber
256 2897 299 2950 est
311 2895 429 2952 interior
441 2897 538 2951 tunica
553 2898 673 2966 corticis,
688 2913 760 2967 quae
774 2896 853 2966 ligno
868 2898 1006 2952 cohaeret.
1021 2931 1057 2938 -

46 2967 114 3022 ande
133 2970 161 3021 et
180 2965 252 3021 liber
270 2968 382 3034 dieitur,
401 2968 430 3021 in
450 2986 505 3036 quo
524 2969 685 3036 scribimus3
708 2969 775 3037 quia
794 2971 858 3022 ante
877 2986 960 3022 usum
979 2970 1057 3023 char-

46 3037 87 3090 tac
109 3038 151 3094 vel
174 3038 399 3093 membranorum
436 3057 531 3094 -arum
557 3043 668 3096 Monac.
691 3042 744 3096 Ga.
760 3040 788 3111 1]
813 3041 847 3094 de
870 3040 952 3094 libris
978 3039 1057 3095 arbo-

46 3124 101 3162 rum
118 3109 262 3164 volumina
284 3110 391 3165 fiebant
408 3111 418 3164 i
458 3114 500 3166 est
519 3112 800 3182 compaginabantur.
832 3111 908 3165 unde
928 3115 956 3166 et
971 3111 1058 3181 scrip-

46 3180 114 3236 tores
141 3200 158 3235 a
186 3181 266 3236 libris
295 3181 425 3236 arborum
451 3182 582 3238 librarios
610 3185 786 3238 vocaverunt.
832 3182 963 3238 librarios
991 3185 1057 3237 ante

45 3250 210 3324 bibliopolas
229 3253 332 3320 dictos3
350 3253 454 3308 libram
473 3253 549 3309 anim
563 3253 663 3309 Graeci
680 3252 787 3326 βιβλίον
801 3257 911 3308 vocant.
948 3254 1058 3308 librarii

46 3325 132 3380 antem
150 3324 228 3380 idem
247 3325 289 3396 [id
307 3328 350 3380 est
364 3327 477 3380 Monac.
492 3344 548 3396 cp:
567 3344 615 3382 em.
631 3327 726 3398 Rau]
746 3328 774 3380 et
789 3326 945 3395 antiquarii
958 3343 1058 3382 vocan-

46 3395 92 3450 tur.
129 3395 180 3452 sed
198 3395 309 3450 librarii
328 3398 393 3450 sunt
411 3397 460 3466 qui
478 3414 551 3453 nova
572 3398 698 3452 scribunt
717 3400 752 3452 'et
774 3393 881 3464 vetera,
905 3397 1058 3466 antiquarii

47 3467 88 3534 qni
105 3469 217 3523 tanhrm
236 3467 320 3522 modo
339 3471 447 3536 vetera5
470 3470 545 3522 unde
565 3471 593 3522 et
611 3487 712 3523 nomen
732 3471 919 3538 sumpserunt.
956 3487 973 3524 a
992 3468 1058 3523 sori-

2 3541 3 3544 ’
47 3537 128 3594 bendo
149 3541 246 3594 autam
264 3537 356 3606 scriba
373 3555 474 3595 nomen
494 3541 605 3610 accepit
618 3539 742 3595 officium
757 3541 914 3608 exprimens
930 3539 1058 3594 vocabuli

47 3610 185 3682 qualitate.
224 3611 411 3670 iustrumenta
436 3615 501 3670 sunt
528 3611 668 3670 scribendi
695 3611 819 3670 calamus
846 3613 875 3667 et
893 3627 997 3684 penum
1024 3627 1057 3665 ex
