2480 3904
452 230 480 285 C.
499 229 613 284 Asinius
632 227 722 284 Pollio

513 426 657 480 DUBIUM

568 562 610 618 12

144 655 235 715 verba
258 655 395 714 Sallustii
422 657 495 716 haec
523 661 593 716 sunt
624 651 703 736 [Col.
724 659 753 726 3,
767 651 819 735 2]:
853 651 899 714 ‘ac
927 654 1001 712 mihi
1030 657 1093 730 qui-

71 745 154 818 dem,
173 749 236 803 tam
255 745 310 804 etsi
329 746 557 822 hautquaquam
575 765 631 821 par
649 745 747 823 gloria
766 746 900 820 sequitur
919 745 1095 820 scriptorem

71 839 106 892 et
131 838 283 893 auctorem
309 854 421 909 rerum,
451 838 552 893 tamen
579 836 717 910 inprimis
746 835 871 893 arduum
902 833 1021 892 videtur
1047 851 1094 891 res

71 927 177 1000 gestas
209 923 351 997 scribere,
387 923 516 998 primum
549 924 629 999 quod
660 926 744 984 facta
776 923 863 983 dictis
901 922 1095 997 exaequanda

72 1015 155 1084 sunt,
179 1011 247 1069 dein
266 1012 336 1087 quia
354 1013 499 1088 plerique,
523 1033 598 1088 quae
618 1013 728 1072 delicta
750 1011 984 1088 reprehenderis,
1007 1012 1094 1069 mali·
1122 1025 1134 1065 s

71 1102 210 1160 volentia
238 1104 268 1159 et
294 1101 409 1160 invidia
437 1103 518 1161 dicta
544 1105 663 1178 putant.
709 1103 762 1160 ubi
785 1103 822 1160 de
845 1119 955 1176 magna
982 1103 1095 1160 virtute

73 1193 169 1264 atque
194 1190 290 1268 gloria
311 1191 456 1249 bonorum
479 1210 637 1266 memores,
665 1210 741 1266 quae
765 1191 821 1250 sibi
845 1191 970 1266 quisque
992 1190 1095 1248 facilia

71 1281 160 1338 factu
182 1282 284 1355 putat,
313 1299 407 1354 aequo
437 1282 536 1339 animo
561 1280 683 1357 accipit,
714 1299 804 1355 supra
827 1280 921 1339 veluti
943 1279 1017 1336 ficta
1040 1298 1095 1355 pro
1141 1315 1145 1322 ·

71 1369 163 1427 falsis
187 1362 289 1426 ducit'.
330 1371 494 1444 proposuit,
518 1370 668 1445 inquiunt,
692 1369 842 1427 dicturum
865 1385 978 1441 causas,
1004 1387 1095 1443 quam

74 1457 113 1516 ob
138 1478 202 1514 rem
224 1456 362 1516 videatur
385 1476 447 1516 esse
467 1459 591 1516 arduum
609 1477 657 1516 res
676 1461 775 1536 gestas
794 1457 921 1518 scribere
941 1459 1032 1533 atque
1050 1456 1095 1516 ibi
1111 1471 1136 1511 ro

74 1565 145 1605 cum
168 1546 296 1621 primam
320 1565 439 1605 oausam
462 1545 600 1624 <dixerit
619 1548 696 1606 -dein
720 1567 780 1606 non
804 1548 930 1605 alteram
954 1541 1096 1624 causam>

75 1636 128 1694 sed
159 1635 307 1711 querellas
338 1636 419 1694 dicit.
470 1655 530 1696 non
561 1637 639 1694 enim
670 1655 759 1695 cause
786 1635 882 1694 videri
912 1635 1011 1710 debet,
1043 1655 1096 1694 cur

74 1724 220 1783 historiae
245 1743 318 1799 opus
342 1725 468 1783 arduum
491 1727 539 1800 sit,
562 1725 642 1802 quod
665 1725 697 1783 hi
717 1725 769 1800 qui
792 1726 897 1803 legunt
916 1727 970 1782 aut
991 1725 1095 1800 inique

74 1815 315 1888 interpretantur
329 1833 406 1889 quae
425 1814 536 1891 scripta
555 1817 632 1888 sunt,
652 1817 704 1873 aut
718 1833 789 1873 vera
806 1832 942 1872 essenon
962 1814 1094 1872 credunt.

76 1903 237 1961 obnoxiam
247 1903 357 1978 quippe
372 1906 402 1961 et
412 1903 559 1963 obiectam
572 1904 656 1962 falsis
673 1903 942 1962 existimationibus
955 1922 1020 1961 eam
1032 1921 1096 1960 rem
1110 1915 1135 1956 15

76 1992 234 2069 dicendam
258 1993 343 2049 aiunt
362 2011 451 2067 quam
475 1994 608 2066 arduam,
632 1995 702 2068 quia
727 1993 806 2068 quod
830 1996 875 2051 est
898 1992 1024 2050 arduum
1047 1993 1096 2051 sui

76 2082 176 2157 operis
186 2077 363 2139 difficultate
376 2085 421 2140 est
431 2081 566 2156 arduum„
580 2101 641 2140 non
651 2081 799 2157 opinionis
812 2081 927 2140 alienae
938 2082 1095 2140 erroribus,

151 2178 219 2234 Gall.
248 2184 274 2244 4,
293 2183 371 2245 15,1
410 2179 551 2250 elegantia
580 2180 714 2233 orationis
739 2179 867 2232 Sallustii
894 2179 1096 2248 verborumque

75 2249 201 2320 fingendi
227 2249 306 2321 [findi
325 2251 413 2321 eccll]
437 2253 466 2304 et
488 2251 609 2305 novandi
633 2250 758 2305 studium
781 2268 844 2304 cum
867 2250 958 2304 multa
983 2267 1095 2313 prorsus

76 2321 185 2375 invidie
207 2320 274 2385 fuit,
298 2321 436 2389 multique
459 2339 515 2376 non
538 2321 673 2376 mediocri
696 2322 809 2391 ingenio
832 2321 886 2375 viri
910 2322 1004 2376 conati
1030 2324 1096 2375 sunt

75 2391 280 2516 reprehelndere
298 2392 433 2517 pqpraqqc
458 2394 486 2446 et
508 2395 674 2517 obtrlqctare.
711 2393 741 2445 in
759 2393 866 2516 {iiim
888 2392 972 2516 plurp
994 2393 1096 2476 inscite

77 2467 1096 2605 111111111111111111111111]1111131111111

76 2609 133 2673 est,
158 2607 234 2673 quod
256 2605 361 2660 habeat
384 2623 446 2660 eam
472 2605 593 2676 speciem
617 2608 698 2675 quasi
721 2623 821 2675 parum
845 2607 959 2661 adtente
979 2608 1094 2662 dictum.

76 2693 147 2732 verua
161 2691 260 2731 Sannaus
274 2710 301 2716 -
314 2693 432 2732 erroribus.
460 2679 530 2732 haec
549 2678 592 2732 illi
611 2676 737 2732 malivoli
755 2678 969 2748 reprehensores
988 2680 1095 2733 dicunt.

76 2753 133 2804 isla
160 2751 262 2802 Asicio
288 2750 498 2804 vindicaverunt
527 2751 675 2816 Merclliu,
707 2751 799 2804 Flecl.
827 2751 941 2805 Jacob.
969 2753 1096 2820 suppt3

77 2823 170 2889 (1860)
184 2839 214 2888 p.
231 2825 293 2874 663.
332 2822 526 2887 Krctzechmer,
545 2823 576 2876 cle
597 2822 664 2876 Ge'll.
683 2822 751 2887 foret.
768 2839 798 2889 p.
814 2825 858 2875 65.

149 2923 166 2970 4
186 2918 360 2985 exequenda:
385 2937 432 2972 em.
456 2921 542 2974 Velio.
562 2923 629 2974 m.3
720 2925 735 2972 5
758 2937 830 2987 repr.
851 2921 917 2974 Sall.
942 2920 1095 2988 deprehen-

78 2988 155 3043 deris
173 2989 248 3058 (etis
269 2991 354 3044 Vatic.
374 2990 450 3044 -istis
469 2992 647 3062 Lupi-Bat.)
667 2991 743 3045 codd.
835 2997 851 3044 8
871 3007 956 3060 supra
975 3008 1008 3044 ea
1026 2990 1094 3045 Sall.

79 3067 111 3113 11
142 3059 207 3126 dix„
234 3061 261 3113 d.
286 3079 313 3113 n.
340 3061 389 3114 alt.
417 3078 439 3114 c.
469 3063 532 3116 add.
559 3063 644 3116 Hertz
670 3069 695 3117 et
719 3060 826 3116 Hosius
932 3067 965 3114 15
993 3062 1096 3116 obnoxi

78 3134 173 3185 autem
192 3150 219 3200 q.
239 3133 331 3186 Paris.

150 3249 182 3302 dc
208 3249 272 3302 aliis
300 3249 366 3303 locis
393 3247 488 3314 Gellii,
518 3250 568 3302 ubi
593 3250 626 3302 de
653 3249 784 3304 Sallustio
811 3266 909 3304 rursus
936 3244 1096 3318 disputatur

78 3321 132 3387 (13,
147 3324 192 3386 30,
207 3323 233 3373 2.
256 3323 412 3389 20,6,14),
436 3338 478 3374 res
495 3321 579 3374 nimis
597 3322 701 3375 incerta
720 3328 766 3387 est,
784 3329 816 3376 cl
834 3338 877 3375 eos
894 3338 951 3375 noc
969 3322 1094 3388 referam.

531 3462 645 3516 FALSA

150 3569 182 3623 de
207 3570 332 3624 Pollione
359 3571 472 3640 Verpilii
496 3572 639 3638 interprete
664 3588 766 3641 mopaa
792 3572 923 3626 dissensio
949 3578 1002 3638 est;
1028 3578 1095 3627 suut

79 3642 150 3695 euim
172 3642 222 3708 qui
244 3641 357 3696 ciusdem
375 3658 408 3695 ao
425 3643 590 3709 superiorem
612 3659 666 3696 esse
679 3649 786 3711 putent,
809 3650 874 3697 sunt
892 3644 940 3711 qui
958 3644 1095 3698 diversum
