2442 3902
165 201 230 265 358
314 200 521 255 Grammaticus
541 202 643 254 aetatis
662 201 853 255 Verroninnoe
873 202 1027 272 fragments

165 366 307 426 arcendum
326 362 401 415 unde
416 364 444 414 et
462 387 561 416 carceres
575 393 602 401 -
615 375 746 416 Varronem.
765 363 802 414 id.
814 363 883 416 Aen.
896 369 920 428 1,
931 367 965 417 54
979 377 1066 416 carcer
1078 365 1150 414 auten
1200 363 1201 406 ἶ

164 434 360 500 undecumque
383 433 564 501 prohibemur
583 433 669 499 exire,
690 433 782 486 dictus
801 433 883 500 quusi
902 451 980 488 aroer
998 433 1031 486 ab
1049 431 1150 484 arcendo.

165 507 228 559 Item
249 505 321 560 Sao.
346 508 499 575 9.3,104.
538 503 623 558 Sobel.
648 505 734 558 Bora.
758 505 824 559 ibid.
848 507 931 560 aliter
954 507 1038 560 Varro
1054 505 1082 558 de
1099 505 1113 557 1.
1128 503 1151 555 L.

166 581 258 641 5,151
278 591 372 629 carcer
387 591 403 628 e
418 575 570 629 coercendo
585 574 661 644 quod
680 575 755 629 exire
772 576 964 645 prohibentur.
997 577 1032 630 id.
1046 579 1094 629 153
1110 590 1152 626 cn·-

164 663 240 701 ceres
260 647 330 700 dicti
349 647 425 715 quod
444 651 610 700 coemuntur
628 647 702 713 equi,
721 663 756 700 ne
775 647 842 700 inde
861 651 970 701 exeant.
1002 648 1035 713 cf.
1052 647 1111 700 Isid.
1125 661 1152 694 a.

165 724 190 784 5,
204 723 250 785 27,
266 723 307 773 13.
328 724 371 784 16,
385 723 412 784 2,
427 723 472 771 46.
492 723 537 783 18,
552 721 596 771 32.
622 725 716 771 atram
731 719 865 773 Varronis
882 726 989 788 etymon
1003 718 1153 773 6666166-

164 791 252 844 lataaa
271 807 304 844 ea
323 792 388 844 locis
406 791 450 844 De
464 791 481 844 1.
493 790 530 848 L.
542 806 666 858 peruersa
684 792 858 846 tmanatatam
877 793 921 855 sit,
939 809 978 844 aa
994 791 1046 844 alio
1059 791 1086 842 ia
1101 789 1155 840 loro

170 862 304 916 Varronis
321 862 407 927 faerit
425 862 534 916 dabitat
550 861 703 927 Woelfflin,
720 862 803 915 Arcb.
818 863 838 927 s.
855 863 920 916 Lat.
936 863 1002 916 Lea.
1018 866 1044 926 8,
1053 865 1106 925 573,
1121 857 1155 910 sed
1201 889 1202 892 =

165 934 199 999 cf.
218 934 254 1000 fr.
270 936 332 987 354,
365 933 446 986 aliud
465 939 572 1002 etymon
591 949 634 1000 ap.
656 932 787 986 Santram
805 935 841 998 fr.
859 938 900 987 12,

641 1086 703 1142 421

232 1209 349 1249 coram
373 1191 413 1247 de
437 1189 693 1267 praesentibus
722 1189 840 1264 nobie,
867 1191 987 1266 pelam
1011 1192 1107 1249 etiem
1126 1185 1157 1242 de

166 1279 389 1339 absentibus,

236 1379 309 1433 Sero.
330 1377 406 1431 Dan.
426 1383 494 1432 Aca.
516 1383 545 1444 1,
564 1381 619 1431 595
643 1380 784 1430 eteorum
803 1394 858 1431 non
878 1377 949 1430 nulli
973 1378 1009 1431 nd
1026 1390 1158 1446 personum.

164 1453 196 1502 ut
216 1450 321 1503 ‘eorem
336 1448 461 1518 Vergilio
480 1449 550 1520 [viro
566 1450 657 1503 Paris.
674 1449 778 1520 1750]‚’
788 1514 791 1518 γ
803 1448 898 1517 pulum
917 1449 955 1501 ed
974 1463 1064 1503 omnes
1080 1443 1158 1500 referri

164 1520 270 1586 volunt,
284 1524 317 1575 ut
333 1520 602 1589 ε66166166661166.
623 1520 723 1574 Varro:
742 1545 817 1574 eoram
830 1553 857 1559 -
870 1535 1007 1574 strenuom
1024 1517 1158 1574 6661166,

165 1594 234 1646 Aea.
250 1597 277 1657 2,
292 1597 347 1646 538
371 1594 399 1644 et
422 1608 515 1646 coram
535 1592 571 1644 ud
589 1607 738 1660 personam
757 1595 862 1644 certem
880 1591 1009 1659 refertur,
1031 1589 1115 1660 palem
1130 1585 1159 1638 ed

165 1680 269 1716 omnes.
298 1666 332 1731 cf.
349 1665 436 1717 Prisc.
453 1665 508 1716 III
522 1668 620 1729 52,13.
651 1663 863 1731 Caporcotani.
880 1667 978 1729 97,16.
1007 1662 1158 1717 Asanam,

160 1739 326 1804 1135418.
354 1736 456 1789 Aaccd.
476 1735 514 1788 Η.
532 1752 560 1803 p.
576 1739 641 1800 277,
656 1739 701 1788 22,
720 1739 784 1799 216,
800 1739 841 1788 17.
870 1734 937 1789 Suet
964 1735 1020 1788 rell.
1034 1751 1062 1802 p.
1075 1729 1158 1785 28611.

166 1807 240 1861 Dea.
264 1806 321 1860 Ter.
341 1807 421 1860 aadr.
438 1809 499 1872 3,2,
511 1805 571 1859 10¹.
604 1807 841 1874 6661666617.
881 1807 949 1860 Ieid.
970 1806 1029 1872 deff.
1050 1803 1112 1858 aab.
1125 1805 1163 1880 91.v

165 1894 229 1946 app.
251 1879 364 1932 XXIII
382 1878 442 1943 da'ff.
462 1879 531 1931 oerb.
548 1882 590 1931 16.
622 1877 707 1931 OGL
721 1878 771 1930 IV
787 1881 850 1942 136,
859 1881 906 1930 28.
925 1881 1041 1942 224,13.
1068 1872 1152 1928 librat

166 1950 210 2003 De
227 1966 305 2003 ecam.
325 1950 388 2003 Lat.
410 1950 506 2003 tribuit
521 1949 684 2002 Wilmaaas.

641 2101 706 2157 422

234 2206 374 2264 curculio.
403 2206 499 2264 Varro
515 2207 559 2263 eit
571 2205 627 2263 hoc
641 2223 747 2263 nomen
763 2224 816 2279 per
835 2205 1051 2265 antistoechum
1068 2203 1160 2260 dict-un

168 2297 254 2373 quusi
278 2295 428 2373 gurgulio,
453 2296 595 2369 quoniam
619 2313 713 2370 paene
736 2293 812 2352 nihil
835 2300 884 2352 est
906 2295 964 2352 nisi
988 2297 1094 2373 guttur.

237 2395 311 2449 Serv.
330 2413 354 2465 9.
376 2397 472 2458 1,186
497 2408 597 2446 curculio
612 2425 638 2431 -
652 2409 733 2456 gutum.
767 2391 853 2447 schol.
874 2393 958 2446 Rern.
978 2393 1042 2446 ibid.
1074 2401 1155 2444 curculio

166 2480 395 2530 varro-gmon.
424 2464 556 2530 curculio,
571 2480 659 2533 genus
674 2463 789 2516 bestiae.
818 2464 1007 2529 6186166116
1021 2466 1090 2518 Pers.
1103 2463 1158 2524 43⁸

167 2539 202 2606 (et
220 2539 284 2592 ada.
304 2538 414 2604 Jahai).
451 2536 518 2590 Isid.
539 2552 576 2588 or.
599 2540 641 2601 12,
656 2541 683 2596 8,
699 2539 742 2588 17.

648 2688 713 2744 423

238 2789 405 2852 ‘dimidium
424 2794 535 2859 librum
553 2789 624 2871 legi'
650 2797 702 2852 eut
726 2789 891 2851 ‘dimidium
916 2792 1049 2851 febulem
1067 2779 1159 2848 audivi

168 2884 216 2942 vel
231 2882 303 2958 quid
322 2883 404 2940 61166
422 2883 544 2941 huiusce
563 2881 644 2940 modi
663 2883 740 2940 mole
765 2900 799 2940 nc
818 2882 924 2940 vitioso
944 2881 1004 2940 dici
1024 2879 1161 2940 existumat

167 2972 273 3031 Varro.
334 2975 479 3047 oportet
520 2974 600 3030 enim
636 2972 736 3046 inquit
776 2970 895 3030 dicere
938 2966 1160 3029 ‘dimidiatum

168 3055 325 3134 librum’,
344 3080 413 3119 non
431 3054 660 3134 ‘dimidium',
680 3063 714 3118 et
734 3054 980 3118 ‘dimidiatum
998 3046 1162 3118 fabulnn'.

142 3167 237 3209 onon
266 3143 494 3208 ‘dimidium'.
545 3151 671 3209 contre
703 3153 820 3207 autem
853 3149 882 3207 si
912 3144 996 3226 (ex)
1025 3141 1161 3208 sextario

168 3239 310 3298 hemina
325 3239 405 3298 fuse
420 3242 486 3313 est,
501 3258 569 3298 non
585 3233 828 3296 ‘dimidiatum
843 3240 1039 3296 sertorium
1053 3223 1159 3294 fusun’

169 3327 357 3386 dicendum
386 3332 451 3399 est,
484 3330 518 3384 et
543 3328 603 3402 qui
628 3347 667 3385 ex
690 3327 790 3385 mille
818 3347 1008 3400 nummum,
1035 3322 1116 3402 quod
1136 3319 1161 3376 ei

171 3413 381 3486 debebatur,
418 3417 637 3491 quingentos
669 3417 823 3491 recepit,
856 3435 923 3474 non
957 3413 1161 3474 dimidiatum

170 3503 351 3574 recepisse
379 3501 550 3576 dicemus,
577 3503 638 3562 sed
667 3503 862 3562 dimidium.
904 3509 942 3562 et
970 3507 1000 3562 si
1029 3499 1159 3578 scyphus

132 3585 271 3658 reinquit
296 3592 489 3663 argenteus
512 3590 601 3647 mihi
624 3611 700 3649 cum
724 3591 796 3650 elio
821 3595 1015 3652 communis
1037 3593 1071 3650 in
1091 3589 1160 3646 duas
