2480 3904
172 181 239 244 492
339 181 544 235 Grammaticus
563 181 665 234 aetatis
684 181 846 250 Augustae
864 181 1024 250 fragmenta

173 343 281 396 incenati
295 343 375 396 XVI
384 345 424 397 oei
439 343 554 396 XVIII
568 359 706 396 antimum
724 344 894 410 inscripsisse
913 344 959 411 (fr.
974 345 1010 412 1),
1029 359 1087 396 cum
1102 343 1165 395 buius

173 414 248 467 modi
266 415 449 468 controuersia
467 421 531 482 post
549 415 662 468 initium
681 417 770 468 octoni
786 415 891 469 soeculi
912 417 971 468 ium
989 415 1049 480 fieri
1065 431 1117 468 non
1127 428 1164 480 po-

173 486 262 550 tuerit,
288 487 336 538 niu
353 493 421 540 recte
443 486 556 539 iudicat.
598 486 689 552 formo
711 488 784 538 enim
807 488 900 540 -e'bom
922 503 984 540 ciem
1002 485 1076 554 amad
1090 490 1165 552 metm

174 557 330 626 Ancusteae
353 559 464 622 aetatis,
483 557 620 610 interdum
643 559 725 610 etiam
747 559 806 610 sine
824 558 903 611 metri
923 559 1087 622 necessitate,
1107 555 1166 608 baud

173 645 241 682 rura
266 635 316 693 est,
342 635 400 681 tum
423 629 500 695 apud
521 630 665 695 emptores
687 631 829 696 reperitur,
857 636 889 683 ut
903 629 1052 682 Varronem
1073 629 1166 681 Livium

176 699 303 752 Tacitum
316 701 443 753 Plinium
461 701 597 754 iuniorem
615 701 659 767 (cf.
674 699 797 765 Skutsch,
815 700 878 754 Atti
894 699 918 752 d.
936 701 1033 770 Conqr.
1047 700 1166 754 Inuruz.

174 771 205 824 di
222 769 331 824 Seianae
354 777 417 826 etor.
439 771 528 825 Romu
543 775 616 824 1903
637 787 667 838 p.
681 774 746 825 202.
786 771 1027 842 Neue-Wupener,
1050 769 1167 824 Formati.

173 842 199 895 d.
220 843 284 896 Lat.
305 842 365 910 Spr.
386 847 411 907 3,
431 843 547 911 317sq.).
584 844 755 896 romonicum
778 845 869 909 ipsum
891 845 1075 911 imperfectum
1092 842 1168 895 coniu-

172 915 294 983 9utionis
312 915 343 966 in
362 916 414 967 -ire
431 914 578 967 desinentis
597 915 628 966 in
642 929 686 966 ore
705 915 871 980 loquentium
890 915 976 968 ubam
993 915 1107 979 fumun
1118 928 1168 980 per·

173 987 273 1038 stitisse
287 985 361 1038 docet
374 987 419 1053 (cf.
436 985 646 1055 Meyer-Libica
664 985 784 1039 Gromm.
801 987 826 1038 d.
840 1001 945 1040 roman.
961 985 1023 1053 Spe.
1035 988 1062 1050 2,
1071 987 1167 1050 tiliaco.

173 1057 266 1124 itaque
289 1057 360 1109 nibil
382 1058 496 1126 impedit
513 1058 659 1124 quominus
677 1058 828 1122 Aufmtius
847 1057 885 1110 od
902 1057 1035 1110 Asinium
1057 1059 1110 1109 ium
1124 1070 1168 1106 non

173 1129 314 1181 indoctum
338 1129 532 1182 adulescentem
554 1127 601 1181 sed
624 1129 823 1181 existimatione
846 1129 1028 1182 litteratorum
1049 1128 1169 1181 bominum

173 1200 318 1267 florentem,
332 1207 364 1253 ut
379 1201 518 1254 Caesarei
533 1199 621 1252 Varro
636 1201 674 1252 ad
690 1200 851 1265 Ciceronem,
870 1200 971 1252 limum
983 1215 1064 1252 suum
1076 1197 1168 1251 mm.

549 1430 821 1498 FRAGMENTA

398 1580 495 1635 LIBRI
512 1581 562 1635 AD
582 1580 734 1635 ASINIUM
752 1579 962 1635 POLLIONEM

674 1701 691 1754 1

242 1808 287 1864 est
323 1823 401 1863 nunc
438 1822 531 1882 genus
569 1803 716 1862 dilatandi
753 1802 860 1876 verba,
901 1823 978 1878 quae
1013 1805 1043 1862 io
1077 1799 1169 1860 litteris

173 1893 327 1966 finiuntur,
365 1893 400 1951 de
433 1913 492 1968 quo
524 1896 554 1951 et
587 1893 709 1952 Aufusti
745 1891 933 1969 grammatici
965 1891 1041 1951 liber
1071 1893 1112 1950 eei
1138 1885 1168 1944 ad

175 1983 313 2043 Asinium
331 1982 506 2057 Pollionem,
528 1984 639 2040 rectius
663 1981 722 2040 dici
742 1981 896 2040 veniebam
916 1981 1072 2040 audiebam
1088 1977 1169 2038 sallie-

174 2072 243 2131 bam
262 2070 410 2130 leniebam
428 2071 608 2145 molliebam,
628 2090 718 2146 quam
734 2070 872 2129 venibam
891 2070 1032 2129 audibam
1051 2067 1168 2128 sallibam

149 2161 306 2220 clenibam
329 2160 495 2236 mollibam,
525 2164 680 2236 tamquam
703 2161 790 2218 venio
812 2161 910 2234 prima
933 2163 1068 2236 correpta
1088 2157 1167 2216 venie·
1220 2171 1221 2191 ¹

175 2252 252 2311 bam.
285 2269 386 2309 rursus
401 2268 493 2309 veneo
508 2251 605 2326 prima
621 2248 768 2323 producta
782 2247 929 2322 venibam,
948 2267 1007 2307 non
1022 2245 1167 2314 veniebam

177 2340 265 2400 audio
289 2339 455 2414 audiebam,
479 2339 572 2397 audeo
597 2337 750 2396 audebam.

249 2438 361 2508 Fropm
386 2438 478 2493 Paris.
503 2439 574 2505 (Ter.
595 2436 703 2504 Saum.)
728 2435 821 2490 cels
836 2440 910 2501 35‚1
939 2453 973 2490 eu
991 2437 1064 2490 enim
1084 2457 1135 2488 nune
1149 2459 1169 2468 -

176 2526 292 2565 audebam.

249 2640 263 2688 1
284 2637 327 2688 osb
342 2634 380 2695 -Ps
398 2595 425 2686 ll
444 2650 532 2703 genua
622 2632 744 2698 adequo
764 2633 782 2682 'l
804 2631 922 2684 abneebi.
959 2631 1029 2684 fusti
1043 2621 1167 2701 gramatici

176 2706 249 2760 liber
269 2709 308 2764 ᾡ
330 2705 366 2758 ad
382 2705 506 2770 sueinum
520 2702 676 2772 pellionum
690 2702 747 2756 cod.
763 2702 797 2755 de
817 2719 873 2770 quo
888 2705 931 2755 est
944 2703 977 2756 A.
993 2719 1020 2770 g.
1034 2701 1052 2755 l.
1067 2701 1100 2754 ad
1111 2693 1167 2750 LP-

177 2797 224 2833 em.
247 2779 344 2833 Usener
370 2777 404 2829 de
427 2792 482 2844 quo
506 2777 549 2829 eei
571 2775 589 2828 1.
610 2775 646 2828 ad
664 2774 696 2827 A.
717 2773 746 2828 P.
766 2773 854 2827 Aristi
873 2773 956 2826 Fusci
979 2791 1020 2844 gr.
1045 2771 1169 2827 contusa

176 2851 278 2918 Haupt
368 2846 543 2918 dvenibam]
561 2847 698 2900 venebam

533 3023 716 3078 INCERTAE
736 3021 835 3077 sums

678 3141 700 3198 2

244 3247 371 3322 genius
400 3250 454 3304 est
481 3246 624 3305 deorum
655 3246 759 3304 filius
783 3247 818 3303 ei
839 3263 969 3319 parens
998 3245 1169 3308 homiuum,

178 3351 217 3389 ex
245 3351 311 3405 quo
338 3333 499 3392 homines
528 3333 736 3411 gignuntur.
782 3334 817 3391 et
843 3335 1038 3409 propterea
1064 3331 1169 3410 genius

177 3437 273 3476 meus
296 3423 510 3493 nominatur,
533 3425 620 3495 quia
642 3441 694 3480 me
718 3424 852 3498 genuit.

249 3515 331 3566 Paul.
352 3516 424 3569 Fest.
443 3535 473 3584 p.
494 3523 589 3582 94,1o
616 3519 730 3587 genium
754 3518 937 3587 appellabant
960 3519 1044 3572 deum
1068 3517 1113 3586 qui
1127 3513 1170 3566 vin

179 3578 318 3634 obtineret
335 3599 427 3636 rerum
446 3588 570 3640 omnium
588 3589 780 3657 gerendarum.
818 3590 979 3642 Aufustiua:
1003 3605 1081 3653 gemm
1097 3583 1171 3654 inquit
