2480 3904
481 151 484 157 ¹
561 177 632 231 Iuba
1037 179 1104 244 453

86 343 123 403 ui
144 350 258 424 κεραῖαι
280 342 399 422 καμπὰς
421 343 538 424 ἔχουσαι
561 344 612 406 καί
629 344 915 426 συνεπιστρέφουσαν
936 355 974 432 τῇ
992 347 1104 408 πυκνό-

85 455 153 510 τητι
176 433 250 513 πρὸς
273 431 398 510 ἀλλήλας
425 431 554 514 ἀγκύλον
577 434 609 496 τὸ
633 444 729 515 σχῆμα
756 446 906 498 ποιοῦσιν·
937 433 957 516 λ)
981 434 1031 497 διὰ
1053 436 1131 497 eivs

86 520 210 602 ἀγκῶνα
236 520 303 603 περὶ
332 519 368 583 ὃν
389 521 606 605 περιφέρονται.
651 534 743 585 ταῦτα
766 524 821 606 γὰρ
846 522 861 586 ὁ
882 520 978 605 Ἰόβας
1008 525 1105 606 εἴρηκε

84 610 259 692 γλιχόμενος
283 609 462 689 ἕξελληυίσαι
484 610 622 692 τοῦνομα.

162 712 237 766 Ρλυλ.
256 711 354 766 Numa
368 715 403 765 13
425 719 536 772 αὐτὰς-
551 717 658 776 τοῦνομα.
686 715 767 770 aliter
784 715 872 769 Varro
891 716 923 769 (λι
943 716 958 768 λ.
974 716 1008 769 L.
1026 719 1051 781 7,
1061 719 1104 769 43.

88 781 170 837 Ouid.
185 785 249 850 fast.
260 786 286 849 3,
300 786 364 838 377.
383 784 465 838 Ρανλ.
481 785 553 840 Fesi.
564 802 594 853 μ.
606 789 666 852 131,
677 790 703 839 8.
722 785 795 840 Seru.
811 786 880 841 Aeu.
891 792 917 853 7,
928 790 989 840 188.
1005 790 1032 853 8,
1044 790 1105 840 664.

84 853 158 908 Isid.
180 857 377 921 or.18,12,3.
399 854 484 910 OGL
504 857 547 911 VI
563 860 606 911 67.
675 869 677 874 ·
802 879 803 885 ’

157 1111 296 1190 δεύτερον
319 1106 350 1170 δὲ
372 1115 434 1182 τοῖς
462 1101 547 1170 οὖσιν
575 1112 684 1192 ἱερεῦσι
707 1112 780 1185 Διὸς
809 1111 859 1172 καλ
875 1108 985 1192 ’Ἁρεως
1008 1115 1105 1194 τρίτον

81 1195 236 1278 Ῥωμύλον
253 1197 504 1280 προσκατὲστησεν
526 1195 693 1282 [Νουμᾶς],
716 1197 752 1262 όν
771 1202 905 1280 φλάμινα
924 1204 1128 1281 Κυρινάλιον,

86 1286 252 1368 ὠνόμασεν.
298 1286 423 1349 ἐκάλουν
452 1286 483 1349 δὲ
511 1287 560 1349 καί
588 1289 657 1363 τοὺς
684 1289 928 1372 προγενεστέρους
955 1293 1105 1371 φλάμινας

86 1375 146 1439 ἀπὸ
167 1387 227 1438 τῶν
241 1378 439 1459 περικρανίων
457 1379 561 1458 πίλων,
581 1377 634 1451 οὓς
649 1379 716 1459 περὶ
734 1386 796 1452 ταῖς
814 1385 957 1456 κεφαλαῖς
976 1391 1106 1461 φοροῦσι

86 1465 252 1546 πιλαμίνας
274 1464 356 1538 τινὰς
379 1465 475 1542 ὄντας,
499 1464 539 1540 ὡς
562 1469 725 1546 ἱστοροῦσι,
752 1479 811 1530 τῶν
831 1465 1013 1547 Ἑλληνικῶν
1037 1467 1105 1531 όνο-
1133 1486 1144 1527 u
1197 1504 1201 1511 -

87 1557 190 1636 μάτων
220 1555 283 1616 τότε
312 1559 423 1634 μᾶλλον
452 1553 472 1634 ἢ
501 1565 560 1617 νῦν
589 1563 649 1630 τοῖς
676 1559 820 1631 Λατίνοις
849 1556 1104 1641 ἀνακεκραμένον.

86 1644 136 1707 καὶ
161 1645 219 1726 γὰρ
238 1643 273 1718 ἀς
292 1642 422 1724 ἐφόρουν
441 1645 472 1706 oi
493 1646 578 1727 ἱερεῖς
598 1647 701 1719 λαίνας
721 1645 736 1708 ό
754 1641 849 1726 Ἰόβας
872 1649 991 1728 χλαίνας
1011 1648 1106 1727 φησίν

86 1728 165 1795 εἶναι
198 1732 249 1794 καλ
278 1733 330 1794 τὸν
358 1733 562 1814 ὑπηρετοῦντα
590 1741 630 1819 τῷ
661 1736 735 1816 ἱερεῖ
762 1746 815 1797 τοῦ
843 1736 916 1809 Διὸς
945 1735 1105 1818 ἀμφιθαλῆ

86 1825 183 1884 παῖδα
210 1821 347 1904 λέγεσθαι
374 1823 526 1904 κάμιλλον,
553 1821 594 1896 ὡς
617 1823 668 1885 καλ
696 1824 747 1886 τὸν
768 1821 881 1906 Ἑρμῆν
909 1825 1003 1898 ολίτως
1031 1825 1105 1888 ἔνιοι

86 1923 146 1975 τῶν
172 1909 324 1989 Ἑλλήνων
347 1912 501 1990 Καὸμῐλον
528 1911 587 1973 ἀπό
614 1922 666 1992 της
693 1914 846 1986 διακονίας
874 1915 1103 1996 προσηγόρευον.
1118 1932 1145 1971 1⁰

161 2013 238 2067 Plui.
257 2013 355 2066 Numa
373 2016 510 2082 7όεόνερον
523 2045 550 2053 -
563 2021 743 2083 προσηγόρευον.
776 2016 810 2082 cf.
830 2015 867 2069 id.
887 2021 988 2084 quaest.
1010 2017 1044 2070 R.
1060 2020 1103 2070 40.

86 2086 213 2153 flamiuis
227 2089 334 2154 etyueu
352 2085 383 2138 iu
397 2083 484 2137 Iubae
501 2091 655 2139 contextum
668 2088 756 2155 recepi
768 2088 856 2141 uerbis
873 2095 929 2140 τῶν
944 2083 1051 2155 Ἕλλην.
1070 2118 1105 2127 -

86 2156 224 2222 ἀνακεκρ.
247 2171 308 2209 eum
326 2152 486 2226 γλιχόμενος
499 2188 526 2194 -
539 2156 663 2225 τοόνομα
681 2158 716 2224 fr.
732 2163 749 2211 4
767 2159 874 2212 collatis
892 2175 975 2226 aeque
994 2174 1026 2211 us
1044 2175 1106 2212 cum

91 2226 220 2282 Verrem
238 2227 270 2280 όι
289 2227 305 2280 l.
321 2227 355 2280 L.
371 2230 396 2292 5,
411 2230 447 2279 84
466 2233 492 2281 et
508 2227 647 2296 Dionysio
660 2228 728 2282 Ηολ.
743 2231 771 2296 2,
786 2233 829 2295 64,
848 2246 913 2298 quos
932 2229 1018 2284 Iubae
1035 2245 1104 2283 eem-

86 2300 179 2367 μλανα
196 2298 417 2353 subministrasse
439 2305 545 2352 eeustai
564 2301 609 2368 (ef.
624 2300 756 2366 ABauu,
779 2301 812 2354 de
830 2301 916 2354 Iubae
934 2297 1104 2369 ὁμοιότησιν.

88 2370 240 2441 θολόίνιραι
250 2372 323 2423 1876
331 2387 361 2438 p.
374 2372 470 2438 16εη.).
499 2371 533 2436 ef.
549 2371 630 2425 eiiam
643 2371 717 2426 Serv.
732 2373 802 2426 Aeu.
818 2376 845 2437 8,
856 2375 918 2424 664.
944 2371 1013 2425 Isid.
1028 2388 1066 2426 ον.
1079 2375 1105 2437 7,

86 2445 191 2510 12,18.
206 2473 232 2479 -
246 2443 330 2510 εόγνιι·
342 2442 414 2495 uocis
429 2442 532 2496 ‘laeua’
549 2443 613 2510 (pro
627 2443 732 2511 ολαεκο)
749 2444 898 2498 Varronem
912 2449 1048 2497 auctorem
1063 2444 1106 2510 (de

86 2515 103 2567 λ.
115 2514 151 2568 L.
170 2514 270 2581 5,133)
284 2513 376 2566 Barth
389 2512 506 2580 reperire
515 2513 569 2567 sibi
577 2514 652 2568 uisus
661 2520 707 2579 est,
721 2515 768 2568 sed
781 2515 815 2580 ef.
831 2514 911 2569 Peter
922 2531 950 2584 p.
962 2519 995 2567 11
1011 2515 1105 2568 adu2

85 2590 111 2638 et
131 2584 242 2649 Useuer,
261 2583 313 2638 Ru.
330 2585 406 2638 Mus.
420 2586 466 2649 23,
478 2588 532 2638 676
537 2605 548 2650 ,·
566 2585 637 2638 idem
654 2586 788 2639 Graecum
806 2585 985 2654 veriloquium
1002 2591 1041 2639 est
1059 2602 1103 2653 ομ.

86 2657 174 2711 Ρουλ.
189 2654 263 2709 Fest.
278 2659 443 2722 μ.117,16.
477 2656 510 2721 ef.
531 2655 603 2710 Seru.
624 2657 722 2725 (Dau.)
739 2657 808 2710 Aeu.
824 2662 849 2722 4,
863 2660 927 2712 262.
961 2657 1032 2711 Suet.
1047 2658 1104 2710 rell.

84 2745 112 2796 p.
128 2730 189 2781 267
199 2727 235 2781 R.
261 2725 283 2780 0
289 2726 341 2780 GL
356 2727 400 2781 VI
411 2730 473 2780 626.
488 2758 515 2766 -
529 2727 561 2780 de
576 2728 728 2782 ‘camillus'
744 2728 869 2782 similiter
889 2728 976 2782 Varro
995 2728 1027 2780 de
1042 2729 1058 2782 λ.
1070 2728 1103 2781 L.

87 2804 113 2865 7,
124 2802 163 2854 34
177 2797 221 2866 (ef.
238 2798 361 2851 Μαονοό.
375 2801 401 2864 3,
411 2801 439 2864 8,
450 2801 474 2851 6.
501 2797 574 2853 Seru.
589 2799 666 2852 Dau.
682 2801 750 2854 Aeu.
766 2804 810 2865 11,
820 2801 883 2868 543)
897 2805 922 2852 ei
936 2799 1054 2868 Diouys.
1065 2799 1104 2853 H.

85 2875 113 2936 2,
122 2873 172 2924 22.
192 2869 227 2934 ef.
238 2870 320 2923 Paul.
331 2869 405 2923 Fest.
414 2886 444 2937 μ.
455 2873 498 2935 43,
509 2873 552 2923 13.
579 2869 651 2924 Seue.
664 2871 733 2924 Λευ.
745 2875 787 2936 11,
799 2873 862 2924 558.
892 2869 973 2926 CGL
988 2870 1104 2923 VI171.

164 2981 177 3028 7
197 2973 323 3036 λεαίναςι
341 2993 389 3030 ενι.
408 2975 563 3046 Stephanus

158 3212 207 3275 διὰ
230 3214 260 3274 τί
280 3220 356 3293 τρεῖς
383 3222 435 3275 τοῦ
459 3214 553 3293 μηνός
580 3212 671 3295 ἀρχὰς
697 3213 747 3274 καί
774 3215 958 3296 προθεσμίας
988 3213 1104 3294 ἔχουσιν

86 3304 124 3366 οὐ
140 3302 230 3363 ταύτὸ
245 3303 390 3382 διάστημα
408 3312 467 3365 τῶν
481 3300 599 3386 ἡμερῶν
612 3303 718 3382 μεταξὺ
737 3305 950 3383 λαμβάνοντες;
969 3303 1105 3383 πότερον,

86 3392 129 3468 ὥς
150 3393 183 3453 oi
198 3391 263 3472 περὶ
281 3391 333 3452 τὸν
345 3385 442 3471 Ἰόβαν
461 3393 637 3473 ίσεοροῦσιν,
658 3392 701 3454 ότι
719 3399 783 3466 ταῖς
799 3392 960 3465 καλάνόαις
979 3391 1104 3454 ἒκάλουν

86 3483 140 3544 τὸν
172 3482 270 3559 δῆμον
299 3482 331 3542 οί
357 3479 493 3562 ἀρχοντες
526 3480 574 3542 καλ
604 3481 799 3563 κατήγγελλον
830 3483 872 3554 είς
894 3481 1030 3561 πέμπτην
1053 3480 1104 3554 τὰς

86 3572 211 3650 νόννας,
233 3569 331 3642 εἰδοὺς
355 3567 386 3630 δὲ
410 3567 523 3651 ἡμέραν
547 3570 628 3653 ίεράν
651 3570 804 3649 ἐνόμιζον;
846 3635 847 3639 ,
1058 3612 1068 3635 .
1119 3590 1131 3631 s
