2442 3902
387 189 424 244 M.
444 189 590 244 Terentius
609 189 697 242 Varro
984 185 1048 252 317

23 357 215 435 principium
233 358 330 418 Varro
354 357 445 416 etiam
467 359 598 436 praefert
620 357 768 434 principio
788 356 953 416 Menandri.
990 375 1051 415 non

24 447 159 509 obscura
181 448 263 506 fama
286 450 332 507 est
355 447 491 507 adiutum
514 448 686 507 Terentium
709 448 740 505 in
763 447 883 524 scriptis
907 465 925 504 a
947 445 1050 504 Laelio

24 541 56 596 et
82 537 240 612 Scipione3
268 555 392 612 eamque
419 540 483 613 ipse
507 540 592 596 auxit
618 555 782 613 numquam
805 537 864 595 nisi
890 535 998 595 leviter
1020 555 1051 594 se

22 629 130 686 tutari
153 629 290 702 conatus,
319 628 354 684 ut
375 629 408 684 in
430 628 554 705 prologo
577 626 782 702 Adelphorum
806 619 939 704 [15sq.]:
970 620 1051 682 ‘nam
1065 642 1091 683 ss

25 716 113 791 quod
134 717 185 774 isti
204 716 308 774 dicunt
325 715 475 791 malevoli,
496 717 631 775 homines
650 716 764 774 nobiles
785 709 799 796 s
817 715 897 772 hunc
916 713 1051 773 adiutare

25 805 212 882 assidueque
229 824 290 863 una
314 804 454 881 scribere,
474 798 489 886 l
509 805 587 881 quod
611 805 657 864 illi
680 804 871 863 maledictum
893 803 1051 863 vehemens

26 913 93 954 esse
115 895 307 969 existumant,
327 892 343 972 s
362 913 427 953 eam
450 895 570 954 laudem
588 895 636 954 hic
655 895 737 954 ducit
759 912 938 968 maxumam,
961 911 1052 969 quom

26 985 91 1043 illis
113 985 224 1060 placet,
245 977 260 1062 l
280 987 333 1059 qui
352 983 436 1044 vobis
454 986 601 1045 universis
620 987 651 1042 et
668 983 781 1060 populo
798 984 927 1059 placent,
948 975 962 1062 s
980 1001 1051 1057 quo·

29 1092 99 1130 rum
121 1093 213 1148 opera
235 1075 267 1131 in
289 1073 368 1131 bello
391 1075 422 1132 in
446 1074 508 1132 otio
530 1075 564 1131 in
587 1076 707 1150 negotio
728 1067 742 1152 l
763 1091 816 1132 suc
835 1071 959 1150 quisque
977 1074 1052 1131 tem-
1066 1090 1092 1131 so

29 1181 102 1237 pore
139 1165 225 1222 usust
257 1164 320 1222 sine
352 1159 515 1239 superbia’.
570 1163 688 1222 videtur
720 1164 822 1222 autem
853 1162 948 1220 levius
979 1156 1052 1238 (se)

33 1249 212 1325 defendisse,
233 1254 305 1327 quia
322 1252 436 1311 sciebat
455 1255 486 1312 et
503 1251 606 1311 Laelio
625 1256 655 1311 et
674 1251 807 1328 Scipioni
824 1272 885 1311 non
903 1252 1052 1329 ingratam

30 1359 94 1399 esse
127 1341 205 1400 hanc
234 1341 417 1417 opinionem,
450 1360 526 1417 quae
555 1345 620 1400 tum
649 1361 683 1403 eo
711 1343 807 1420 magis
835 1343 866 1400 et
892 1359 986 1415 usque
1013 1340 1052 1397 ad

30 1431 202 1505 posteriora
228 1433 365 1506 tempora
392 1431 498 1490 valuit.
546 1429 576 1490 Ο.
600 1431 756 1510 Memmius
779 1431 812 1488 in
835 1431 970 1490 oratione
997 1449 1052 1504 pro

33 1537 62 1576 se
90 1514 138 1579 Ῥ.
157 1515 329 1578 Africanus'
357 1520 457 1595 inquit
482 1514 513 1578 ‘a
536 1521 676 1579 Terentio
703 1539 861 1600 personam
888 1521 1052 1593 mutuatus,
1066 1535 1092 1576 rs

34 1628 109 1684 quae
130 1609 212 1668 domi
234 1609 349 1668 luserat
370 1610 444 1686 ipse,
466 1611 585 1668 nomine
608 1610 690 1670 illius
713 1610 745 1668 in
766 1629 903 1670 scaenam
922 1603 1051 1667 detulit'.

35 1702 171 1773 —post
194 1697 290 1757 editas
313 1699 479 1759 comoedias
506 1699 640 1757 nondum
667 1699 806 1774 quintum
834 1703 923 1775 atque
949 1698 1052 1756 vicesi-

35 1806 115 1845 mum
141 1805 275 1864 egressus
300 1806 424 1863 annum,
454 1788 546 1847 animi
568 1807 659 1847 causa
682 1791 713 1847 et
735 1788 875 1848 vitandae
904 1787 1052 1864 opinionis

38 1893 94 1950 qua
130 1876 292 1936 videbatur
328 1878 425 1936 aliena
461 1896 515 1954 pro
548 1879 609 1938 suis
644 1877 744 1953 edere,
781 1897 833 1938 seu
868 1876 1070 1954 percipiendi.

38 1963 216 2026 Graecorum
235 1967 375 2026 instituta
393 1985 547 2043 moresque
564 1985 637 2043 quos
657 1987 716 2026 non
735 1968 857 2044 perinde
877 1968 1053 2043 exprimeret
1067 1983 1093 2022 so

39 2053 220 2130 inscriptis,
244 2074 378 2132 egressus
400 2052 515 2135 <urbe>
539 2058 584 2116 est
606 2077 702 2132 neque
726 2057 855 2132 amplius
877 2056 975 2115 rediit.
1016 2056 1052 2113 de

40 2148 130 2204 morte
150 2146 213 2204 eius
227 2144 385 2204 Volcacius
404 2147 446 2205 sic
465 2146 559 2204 tradit
579 2140 630 2225 [fr.
647 2141 695 2226 3]:
719 2141 782 2205 ‘sed
801 2149 835 2204 ut
848 2146 923 2204 Afer
940 2145 1052 2221 populo

41 2251 85 2290 sex
103 2233 188 2292 dedit
210 2234 385 2310 comoedias,
404 2242 417 2315 J
438 2236 495 2304 iter
513 2235 583 2294 hinc
609 2235 642 2292 in
664 2235 768 2294 Asiam
787 2236 871 2293 fecit:
894 2238 928 2294 ut
946 2254 1051 2294 navem

41 2324 125 2382 semel
147 2315 161 2402 s
180 2323 363 2398 conscendit,
393 2323 476 2383 visus
503 2343 667 2401 numquam
695 2332 752 2384 est:
783 2327 825 2384 sio
852 2327 917 2383 vita
944 2318 1051 2383 vacot'.

41 2407 70 2478 Q.
88 2410 250 2472 Cosconius
275 2406 326 2490 [fr.
346 2405 380 2492 3]
404 2413 577 2472 redeuntem
600 2433 615 2470 e
640 2412 765 2472 Graecia
787 2414 899 2490 perisse
922 2414 953 2470 in
976 2413 1053 2470 mari
1067 2429 1092 2468 ss

42 2497 108 2559 dicit
127 2519 194 2560 cum
219 2494 255 2579 [G
271 2504 301 2559 et
314 2497 402 2582 vm]
427 2502 537 2562 fabulis
562 2505 711 2562 conversis
730 2522 748 2562 a
766 2503 938 2577 Menandro,
962 2503 1053 2560 ceteri

42 2594 187 2650 mortuum
210 2609 273 2650 esse
295 2591 328 2649 in
346 2590 476 2650 Arcadia
500 2586 699 2672 [Stymphali]
724 2593 786 2652 sive
804 2592 969 2652 Leucadiae
992 2595 1052 2650 tra-

43 2675 112 2740 dunt
135 2679 188 2740 On.
213 2678 349 2739 Cornelio
373 2681 531 2740 Dolabella
553 2682 592 2740 M.
616 2682 723 2741 Fulvio
747 2682 900 2741 Nobiliore
926 2681 1052 2740 consuli-

42 2763 102 2842 bus,
134 2770 239 2828 morbo
268 2769 457 2846 implicatum
486 2790 522 2828 ex
551 2771 653 2830 dolore
683 2789 718 2830 ac
747 2770 846 2830 taedio
877 2773 1053 2830 amissarum

44 2859 221 2918 amararum
244 2877 318 2934 quas
341 2861 372 2917 in
396 2879 472 2919 naue
495 2861 691 2935 praemiserat
714 2879 748 2919 ac
771 2861 859 2920 simul
883 2861 1053 2920 fabularum
1068 2877 1093 2916 ao

44 2961 110 3018 quas
128 2967 223 3007 novas
245 2948 365 3008 fecerat.
402 2950 493 3008 fuisse
511 2949 622 3009 dicitur
639 2946 781 3009 mediocri
800 2953 926 3024 statura,
949 2950 1054 3028 gracili

45 3050 167 3112 corpore,
201 3037 298 3096 colore
324 3039 416 3097 fusco.
462 3038 586 3114 reliquit
611 3039 718 3111 filiam,
752 3058 827 3114 quae
859 3042 927 3116 post
959 3040 1054 3114 equiti

45 3120 171 3186 Romano
193 3128 310 3202 nupsit,
333 3127 406 3186 item
428 3127 563 3187 hortulos
586 3128 641 3185 XX
663 3128 801 3206 iugerum
824 3129 874 3187 via
893 3129 992 3204 Appia
1015 3127 1054 3187 ad

45 3209 141 3276 llartis
159 3207 301 3295 [villam]
340 3235 398 3292 quo
412 3217 508 3294 magis
522 3217 615 3284 miror
628 3217 767 3277 Porcium
781 3217 921 3278 scribere:
942 3211 1053 3292 ‘Scipio

45 3300 82 3359 nil
98 3305 221 3380 profuit,
239 3305 283 3363 nil
301 3303 430 3379 Laelius,
453 3305 497 3365 nil
514 3306 634 3380 Furius,
654 3300 669 3386 s
688 3310 749 3366 tres
769 3326 822 3382 per
839 3307 917 3365 idem
935 3309 1052 3381 tempus
1068 3323 1094 3363 ss

46 3392 90 3464 qui
118 3394 277 3472 agitabant
302 3394 418 3454 nobiles
447 3394 605 3454 facillime:
638 3390 653 3476 J
686 3415 787 3456 eorum
817 3396 869 3455 ille
899 3415 989 3472 opera
1018 3414 1055 3452 ne

48 3475 154 3541 domurn
176 3483 296 3559 quidem
314 3483 421 3543 habuit
440 3484 666 3561 conducticiam,
687 3479 702 3560 l
722 3485 827 3545 saltem
846 3487 881 3546 ut
899 3488 976 3544 esset
995 3503 1054 3560 quo

48 3569 160 3632 referret
188 3570 304 3632 obitum
326 3568 440 3634 domini
468 3570 624 3634 servulus’.
665 3575 744 3632 hunc
767 3575 911 3633 Afranius
936 3573 1054 3649 quidem
