2480 3904
392 199 469 253 Iuba.
507 198 620 253 Sinnius
640 199 740 268 Capito

352 457 560 546 SINNIUS
593 459 780 546 onemo

401 681 438 746 A.
462 681 731 748 TESTIMONIA

59 767 169 822 VITAE

131 880 155 928 1.
179 874 297 931 Sinnias
316 875 413 944 Capito
432 877 541 930 nomine
559 883 584 930 et
602 878 759 948 copnomine
783 878 818 930 ab
837 877 963 931 omnibns
982 885 1074 932 ancto-

57 948 135 1000 ribns
159 948 323 1015 appellator,
348 949 397 1001 troc
420 949 515 1002 ordine
538 954 693 1003 constanter
716 965 734 1002 a
757 949 839 1002 Festo
863 955 958 1016 qnater
981 949 1075 1014 mens,

58 1019 136 1071 scneel
158 1033 232 1072 ocrso
255 1019 349 1072 ordine
370 1019 480 1087 ‘Capito
499 1018 637 1084 Sinnins’,
661 1020 811 1088 ibidemque
829 1026 972 1088 praeterea
990 1023 1076 1076 sentes

61 1090 92 1142 in
111 1090 218 1143 lacnnis
231 1089 331 1144 coelicis
349 1091 436 1144 solnm
453 1107 551 1144 nomen
569 1107 745 1161 copnomence
758 1108 819 1144 cnm
833 1097 911 1157 eatet,
929 1108 1076 1162 capnonen

61 1177 187 1215 annonae
210 1161 316 1229 expleta
333 1168 406 1215 sant.
442 1179 525 1228 anas,
548 1169 579 1216 nt
596 1163 670 1228 solet,
694 1163 803 1216 Panlns
825 1162 897 1216 tanc
919 1163 1001 1232 lepen
1019 1181 1077 1218 non

62 1233 189 1300 seqnitur.
226 1233 261 1298 cs.
281 1233 342 1287 Sere.
362 1233 438 1287 Enn.
458 1239 514 1287 test.
535 1238 551 1286 1
570 1239 595 1286 ct
614 1235 749 1288 Veranius
766 1234 801 1300 sr.
818 1239 861 1289 12.

133 1326 158 1375 2.
177 1322 210 1375 dc
223 1321 318 1376 Sinnii
336 1323 501 1390 temporibus
519 1323 613 1376 omnia
631 1329 793 1393 arpnmenta
811 1323 917 1394 collepit
929 1322 1075 1377 sabtiliter-

63 1409 112 1459 qne
130 1394 246 1447 eacnssit
265 1395 302 1447 M
305 1393 391 1447 Hertz
410 1393 538 1462 (Sinnins
553 1395 658 1462 Capito.
678 1395 777 1448 Berlin
791 1398 863 1448 1844
876 1411 907 1462 p.
923 1397 1031 1462 6-15),
1045 1401 1078 1448 nt

64 1464 127 1516 inde
145 1465 313 1519 concluderet
331 1464 461 1519 Sinnimn
475 1466 598 1520 Varrone
617 1467 760 1534 alienanto
778 1466 912 1520 inniorem
930 1466 1024 1532 fnisse.
1053 1472 1079 1520 et

64 1552 123 1588 cnm
140 1536 180 1590 ocl
200 1537 341 1590 hominnm
359 1539 458 1590 aetatis
475 1537 565 1606 spatio
585 1543 649 1604 post
666 1539 812 1591 Anrelinm
833 1535 953 1604 Opillnm
971 1537 1077 1592 clarnm

65 1608 180 1662 eatitisse
198 1623 228 1662 eo
246 1609 432 1674 confirmatae,
452 1608 523 1676 qnod
541 1625 600 1662 cnm
623 1609 807 1662 soloecismum
830 1609 947 1663 Sirenios
968 1611 1078 1676 einsqne

66 1679 186 1746 manain
209 1679 416 1748 imparilitatem
438 1681 649 1748 appellaverint,
672 1681 864 1750 stribilipinem
882 1687 974 1734 antem
992 1680 1077 1734 ‘oeta-

63 1750 164 1804 stiorcs’
185 1751 230 1817 (fr.
245 1753 283 1820 2),
301 1751 349 1804 tos
366 1750 451 1819 Opille'
468 1751 525 1816 fere
541 1753 667 1818 monotes
680 1753 782 1805 essent
802 1753 945 1818 interprete
958 1753 1078 1819 quodam

66 1820 170 1876 Dormti
187 1823 341 1889 accepimns
362 1821 444 1889 (Anr.
466 1821 547 1892 Opill.
566 1824 671 1891 sr.17).
709 1823 744 1888 cs.
764 1824 846 1876 etiam
865 1823 903 1877 ad
919 1824 956 1890 fr.
971 1828 996 1878 1.
1017 1827 1041 1877 5.

134 1914 157 1964 3.
180 1909 249 1965 Gell.
266 1915 290 1975 5,
304 1915 349 1977 21,
365 1913 383 1964 9
403 1909 482 1964 Sinni
502 1909 647 1978 Capitonis
666 1910 822 1965 doctissimi
840 1910 893 1965 viri
911 1913 945 1980 cf.
961 1918 1017 1967 test.
1033 1917 1058 1966 4.

68 2068 294 2125 ssRIPTORUM

133 2201 157 2250 4.
186 2197 303 2250 Hieron.
331 2196 363 2249 in
392 2195 459 2249 Gen.
480 2198 506 2261 3,
520 2198 574 2249 319
611 2196 682 2249 Vall.
714 2195 841 2278 legamus
873 2195 1006 2250 Varronis
1039 2197 1079 2250 de

68 2265 341 2335 antiquitatibus
365 2265 452 2320 libros
472 2267 500 2319 et
520 2263 610 2319 Sinnii
629 2265 774 2336 Capitoms
793 2270 822 2322 st
841 2266 977 2321 Graecum
996 2267 1079 2322 Phle-

67 2340 150 2405 gonta
163 2340 327 2405 ceterosque
346 2337 550 2391 eruditissimos
565 2338 637 2391 viros
657 2339 685 2391 et
703 2337 860 2392 videbimus
876 2355 970 2393 omncs
989 2355 1078 2408 paene

67 2408 169 2463 insulas
193 2411 222 2463 et
245 2409 332 2463 totius
357 2408 431 2463 orbis
455 2408 540 2462 litora
564 2411 710 2476 terrasque
735 2410 807 2463 mari
832 2410 939 2464 vicinas
964 2409 1078 2464 Graecis

69 2480 166 2534 accolis
185 2483 345 2549 occupatas.
389 2481 424 2547 ef.
443 2481 530 2535 Hertz
549 2481 615 2535 iota,
630 2499 660 2550 p.
675 2484 720 2535 23.
739 2485 776 2535 25
794 2488 820 2536 et
837 2482 916 2549 infra
930 2484 1021 2551 praef.
1041 2482 1080 2536 ael

67 2553 116 2606 inc.
134 2554 188 2607 sed.
208 2553 245 2618 fr.
260 2570 290 2620 p.
305 2555 368 2605 459.

134 2665 149 2712 2
170 2658 276 2712 Sisinni
294 2659 370 2713 codd.

134 2788 158 2838 5.
178 2784 258 2838 Laut.
273 2785 299 2837 el.
315 2785 333 2836 i.
349 2788 376 2849 6,
384 2786 429 2849 20,
440 2787 475 2836 35
494 2782 632 2851 paulatim
647 2785 741 2837 tamen
757 2785 785 2837 et
800 2783 899 2838 ceteris
914 2784 968 2837 diis
984 2784 1080 2855 [antea

68 2862 248 2909 monserantur
261 2855 399 2909 Satnrnns
413 2856 497 2910 Liber
511 2855 670 2925 Neptnnns]
689 2853 765 2909 idam
779 2855 867 2908 honos
883 2855 971 2908 tribui
985 2856 1080 2924 coepit

68 2925 224 2996 singulique
243 2925 303 2978 ludi
323 2925 482 2980 nominibus
497 2941 593 2979 eornm
612 2926 768 2980 consecrati
784 2927 858 2995 sunt,
877 2927 950 2980 sieut
964 2925 1078 2980 Sinnius

68 2995 162 3065 Cupito
181 2998 212 3050 in
231 2996 334 3051 libris
353 2997 630 3065 spectaculorum
650 2996 739 3051 docet.

134 3108 158 3158 6.
192 3111 336 3172 praetcrea
360 3103 478 3160 Sinnins
503 3105 697 3175 prammaticas
723 3104 863 3172 epistnlas,
890 3105 1009 3158 letellnm
1035 3105 1080 3159 De

67 3176 189 3244 optatis,
213 3176 330 3241 fortasse
351 3177 434 3231 etiam
452 3175 485 3229 de
498 3176 652 3244 proverbiis
673 3177 796 3244 scripsit,
820 3176 858 3230 de·
870 3177 969 3243 qnibns
991 3176 1077 3241 infra.

68 3247 106 3300 ml.
125 3249 208 3301 etiam
226 3247 259 3300 cle
276 3247 348 3301 notis
367 3248 426 3301 Aet.
442 3246 511 3301 Stilo
525 3251 582 3300 test.
596 3251 641 3301 21.
831 3269 857 3376 s

132 3461 265 3528 reliqnias
287 3461 451 3531 collepcrnnt
474 3462 574 3531 Epper,
595 3460 660 3514 Lot.
683 3477 760 3515 serm.
776 3466 824 3515 oet.
842 3460 898 3514 rell.
913 3461 958 3515 sel.
983 3462 1079 3530 (Paris

68 3533 292 3674 fflffssgisq‘
326 3533 453 3586 MHertr
472 3533 488 3586 l.
509 3549 530 3586 c.
553 3549 580 3600 p.
599 3535 679 3600 27sq.
713 3532 747 3597 ef.
771 3533 885 3600 Prosop.
909 3533 974 3601 imp.
998 3532 1077 3588 Rom.
