2444 3902
172 187 236 251 162
321 186 526 242 Grammaticae
546 187 647 242 aetatis
665 187 856 246 varronianae
875 188 1034 258 fragmenta

240 347 312 402 Suet.
337 349 406 402 verb.
430 348 490 415 diff.
515 365 544 416 p.
564 352 620 403 289
633 349 668 404 R.
720 347 922 417 sempiternum
951 351 983 402 etv
1010 349 1162 418 perpetuum.

168 417 352 546 ²ijleirgbid'itugsbq'in
370 418 443 473 libro
463 421 563 487 quarto
583 420 635 472 ait:
655 434 814 482 sempiternum
828 451 855 460 —
868 445 959 482 semper.
991 422 1025 488 cf.
1040 418 1099 474 Iao.
1111 418 1162 483 diff.

627 617 650 674 2
674 608 723 693 [2]

235 723 252 781 l.
277 722 336 780 IX.
382 722 436 780 ita
459 721 624 780 irascere.
672 721 757 797 quid
779 741 871 780 nunc
894 720 1087 782 irascitur?

239 821 450 889 Nou.p.127‚8
464 819 585 874 irascere
595 835 646 889 pro
656 819 748 873 irasci.
774 819 958 890 Pomponius:
979 821 1014 892 [u.
1026 817 1164 888 ecastor}

167 891 300 960 Nigidius
316 890 524 945 commentariis
544 892 596 962 [itu
612 891 769 961 Qamherct:
788 896 946 945 commento
961 893 1002 946 oet
1016 889 1166 945 commeatio

167 964 254 1029 codd„
273 970 362 1018 ortum
381 980 414 1016 ea
433 963 592 1034 comment]
611 962 804 1032 grammaticis
824 962 872 1016 lib.
892 961 943 1017 IX:
962 977 1029 1017 its·
1040 977 1134 1017 semelen.

240 1052 314 1121 quod
335 1053 473 1122 (Ratgers)
492 1068 567 1105 nunc
585 1050 669 1106 irasci
688 1050 792 1105 dicitur
813 1051 958 1122 Quictcrut

625 1205 646 1261 3
685 1206 705 1261 3

234 1310 252 1366 l.
279 1309 316 1366 X.
364 1309 520 1368 dicemus
549 1328 637 1384 quae
665 1197 850 1368 ielustate
878 1310 1060 1370 deteriora
1085 1311 1168 1367 fiunt

167 1399 421 1472 vetustiscere‚
443 1397 710 1458 inveterascere
735 1418 823 1474 quae
846 1399 1004 1457 meliora.

239 1497 314 1550 Nou.
330 1513 360 1565 p.
380 1501 443 1563 437,
457 1501 494 1552 23
520 1497 702 1551 vetustisccre
720 1499 750 1552 et
767 1498 947 1552 veterascere.
986 1498 1055 1566 quid
1072 1494 1169 1550 intersit

167 1566 300 1636 Nigidius
330 1568 592 1632 commentariorum
655 1567 868 1622 ammaticorum
897 1569 950 1639 [itu
976 1567 1081 1640 Quieta
1105 1584 1167 1621 com·

167 1640 308 1692 mentator
326 1639 538 1711 grammaticus]
558 1639 606 1693 lib.
672 1639 847 1708 deplanavit:
867 1653 965 1694 dicemus
978 1673 1005 1680 —
1019 1655 1112 1695 meliora.

240 1734 253 1780 1
275 1727 395 1781 dicimus
416 1728 509 1798 Quieta
529 1728 625 1783 dicens
646 1729 720 1783 Roth
809 1735 931 1815 aquam
949 1729 1041 1800 Laud.

628 1873 721 1958 4l4l

234 1986 251 2044 l.
278 1985 335 2044 XI.
395 1981 624 2063 ‘seligentem
660 2005 736 2046 esse
773 1989 933 2063 oportet,
973 1987 1170 2064 religiosum

995 2070 1112 2135 nefas'.
1136 2103 1168 2114 -

166 2163 230 2222 hoc
244 2164 543 2222 inclinamentum
562 2182 700 2240 semper
717 2164 963 2224 huiuscemodi
982 2165 1171 2234 verborum,

167 2255 205 2310 ut
218 2255 366 2312 vinosus
380 2254 595 2312 mulierosus
609 2254 819 2330 religiosus,
839 2255 1031 2332 significat
1044 2257 1170 2330 copiam

167 2343 344 2417 quandam
366 2342 581 2402 inmodicam
603 2344 669 2417 rei,
693 2361 798 2420 super
821 2362 889 2418 qua
912 2342 1056 2402 dicitur.
1101 2359 1171 2418 quo·

140 2433 262 2494 scires
298 2431 494 2509 religiosus
531 2433 562 2489 is
600 2432 864 2508 appellabatur,
904 2435 965 2508 qui
1002 2434 1111 2491 nimia
1144 2433 1172 2489 et

169 2523 430 2596 superstitiosa
448 2521 628 2598 religione
647 2538 721 2580 sese
742 2521 975 2598 alligaverat,
999 2541 1108 2598 eaque
1125 2537 1171 2578 res

166 2611 257 2668 vitio
285 2609 549 2688 designabatur.
984 2601 989 2610 '

240 2707 308 2762 Geli.
336 2712 478 2777 4,9,¹1sq.
523 2707 658 2778 Nigidius
680 2708 798 2779 Figulus
824 2741 858 2752 -
884 2709 913 2762 in
937 2709 1086 2764 undecimo
1109 2726 1171 2764 com·

165 2779 367 2833 mentariorum
385 2779 633 2850 grammaticorum
652 2796 762 2834 versum
776 2797 810 2834 ex
825 2781 941 2849 antiquo
961 2781 1085 2836 carmine
1098 2780 1173 2836 refert

166 2850 301 2904 memoria
333 2851 440 2906 hercle¹
460 2851 578 2920 dignum
604 2851 644 2922 ·[I
659 2869 688 2921 p.
708 2851 894 2923 297Retb.⁸]=
928 2866 1060 2916 renuentem
1076 2883 1099 2894 —
1112 2867 1171 2908 nera

167 2921 245 2976 cuius
270 2924 365 2977 autem
383 2921 414 2976 id
433 2937 546 2976 carmen
565 2922 603 2976 eit
625 2940 681 2976 non
703 2922 807 2976 scribit.
846 2927 931 2992 atque
950 2924 980 2976 in
999 2924 1099 2979 eodem
1119 2924 1173 2977 loco

166 2993 312 3064 Nigidius:
344 3009 388 3049 noo
419 2993 514 3063 inquit
544 3008 728 3048 mouumentum
747 3026 774 3035 —
792 3008 952 3058 wemoster.
997 2996 1033 3062 of.
1064 2997 1117 3051 Cio.
1146 2993 1174 3047 de

166 3071 223 3119 aut.
244 3065 269 3120 d.
285 3069 367 3132 2‚75.
404 3066 479 3120 Nou.
496 3069 658 3134 p.431,23.
696 3065 807 3121 Macar.
822 3066 885 3121 aas.
901 3067 979 3136 apud
994 3067 1062 3122 Geli.
1078 3071 1103 3134 4,
1117 3072 1140 3132 9,
1152 3069 1172 3118 8.

165 3137 238 3192 Seru.
254 3137 323 3191 Aca.
339 3141 367 3204 8,
377 3141 439 3191 349.
470 3135 620 3208 Nigidium
637 3138 784 3208 impugnat
803 3137 909 3192 Gellius
923 3138 989 3194 ibid.
1004 3138 1024 3209 ἕ
1040 3143 1083 3193 12.
1111 3135 1173 3207 quod

166 3208 278 3262 Nouius
295 3226 326 3277 p.
346 3212 442 3274 379,2
466 3226 500 3263 ea
522 3208 612 3263 ecdem
635 3209 750 3280 Nigidii
772 3209 842 3264 libro
866 3209 952 3264 aliam
974 3209 1172 3278 replicationes

165 3281 237 3334 voris
251 3280 414 3350 ‘religiosum’
427 3280 518 3345 audie,
529 3280 560 3333 id
570 3296 716 3348 perperam
730 3296 763 3334 ea
774 3279 862 3336 deuio
876 3281 942 3334 ibid.
957 3279 1005 3352 §5
1018 3282 1172 3350 meipsum

165 3365 219 3404 esse
232 3351 382 3418 complures
392 3358 596 3418 perspeceruut.
621 3351 664 3417 cf.
680 3351 774 3416 Hertz,
789 3351 881 3407 Fleck.
895 3353 1008 3406 Jatrou
1023 3357 1070 3418 85,
1081 3356 1171 3418 wau.

166 3421 361 3487 Kretzcchmer,
380 3423 413 3474 de
433 3421 500 3476 Geli.
519 3422 588 3487 fuat.
605 3439 634 3490 p.
649 3427 692 3476 31.

238 3514 252 3560 1
281 3509 330 3564 ted
359 3525 419 3563 esse
438 3511 594 3564 fleckeisen
622 3526 683 3564 esee
710 3511 759 3565 ted
792 3512 872 3568 Rieu.
969 3511 1120 3582 religiosus
1144 3525 1172 3564 ne

166 3579 229 3631 fuas
247 3579 338 3633 Fleclc
376 3581 419 3633 set
436 3579 599 3648 religiosum
616 3581 697 3635 nefas
719 3585 790 3638 coni.
809 3583 896 3638 Hertz
