2442 3902
445 205 482 258 Μ.
503 205 611 258 rursus
630 205 698 258 uro
772 165 773 170 Ν
1014 203 1077 268 397

63 378 144 451 quis
176 375 351 435 advorsus
381 394 451 433 rem
490 392 589 433 suam
624 374 709 449 quid
745 374 831 432 fieri
869 373 1080 447 arbitratur,

63 483 199 522 summa
226 464 261 521 vi
290 467 416 522 contra
445 464 590 539 nititur,
623 483 664 522 ne
693 463 866 522 advorsus
896 482 969 521 eam
997 464 1080 537 fiat,

63 553 157 629 quod
191 553 249 613 illi
282 555 400 612 tamen
427 545 787 628 perpessi'.—postea
819 552 910 611 verba
941 553 1014 610 haec
1046 569 1080 610 ex

63 643 170 702 eadem
197 645 332 701 oratione
361 643 447 718 ponit
481 635 640 721 [VsJ.]:
677 636 733 700 ‘ea
764 659 856 698 nunc
888 641 1080 716 derepente
1095 650 1120 690 δῦ

62 735 171 792 tanta
192 731 376 791 beneficia
394 731 490 789 ultro
514 733 693 806 citroque,
719 733 858 788 tantam
882 731 1081 789 amicitiam

63 818 335 897 relinquemus?
372 821 465 896 quod
487 821 574 879 illos
597 821 749 880 dicimus
770 821 924 879 voluisse
947 820 1080 892 facere,

63 911 102 976 id
131 930 194 970 nos
224 911 366 986 priores
396 910 514 968 facere
546 904 838 985 occupabimus?'
884 910 949 967 hoc
981 908 1080 983 inquit

65 1000 291 1076 enthymema
321 1016 472 1074 nequam
501 1001 536 1058 et
564 1001 737 1058 vitiosum
767 1001 837 1072 est3
869 997 1081 1072 responderi

65 1090 158 1147 enim
176 1090 315 1164 potuit:
338 1087 591 1164 aucupabimus
611 1091 719 1162 certe,
743 1107 822 1145 uam
842 1089 873 1146 si
890 1106 959 1145 non
978 1103 1079 1144 occu·
1095 1097 1121 1137 σο

65 1180 288 1252 paverimus,
328 1179 569 1252 opprimemur
604 1177 904 1252 incidendumque
941 1176 1013 1234 erit
1045 1176 1081 1231 in

67 1267 234 1341 insidias,
265 1286 281 1324 a
306 1265 433 1340 quibus
461 1268 543 1324 ante
565 1285 635 1324 non
658 1268 866 1325 caverimus
912 1267 1080 1338 recteque

67 1356 167 1431 inquit
202 1357 267 1414 hoc
299 1355 390 1413 vitio
424 1355 485 1413 dat
517 1354 679 1416 Lucilius
714 1349 817 1434 [1169
835 1347 915 1432 Ma]
952 1357 1080 1429 poetae

69 1445 278 1522 Euripidae,
309 1443 400 1520 quod
429 1464 504 1504 cum
527 1444 779 1520 Polyphontes
801 1463 861 1502 rex
888 1447 1080 1518 propterea

68 1551 103 1592 ee
121 1535 353 1593 interfecisse
376 1535 526 1592 fratrem
549 1534 700 1608 diceret,
724 1533 817 1607 quod
839 1534 915 1608 ipse
939 1531 1121 1590 antedoce

70 1642 151 1682 nece
170 1623 245 1682 eius
269 1622 460 1682 consilium
484 1622 652 1698 cepisset,
675 1623 822 1697 Meropa
844 1621 973 1680 fratris
994 1638 1082 1678 uxor

69 1711 165 1772 hisce
194 1708 318 1790 ad<eo>
345 1731 420 1770 eum
444 1712 562 1771 verbis
593 1711 745 1770 eluserit
776 1704 826 1789 [fr.
847 1702 1008 1789 451N.²]:
1041 1703 1083 1768 ‘st

70 1799 133 1878 γάρ
156 1793 183 1860 o'
214 1799 371 1878 ἔμελλεν,
400 1798 443 1872 ὡς
467 1797 508 1862 σὺ
537 1799 620 1877 φής,
644 1799 798 1859 κτείνειν
821 1797 939 1875 πόσις,
960 1792 974 1877 J
994 1807 1081 1877 χρῆν

69 1887 127 1958 ,καὶ
148 1885 183 1949 σὲ
208 1887 357 1968 μέλλειν,
376 1887 420 1961 ὥς
438 1887 566 1968 χρόνος
584 1885 815 1967 caparosso&
853 1888 971 1947 atheo
990 1890 1081 1946 enim

70 1980 171 2054 inquit
185 1980 292 2056 plane
307 1980 493 2039 stultitiae
507 1980 732 2054 plenumest,
752 1997 790 2037 co
805 1979 958 2038 consilio
974 1981 1081 2052 atque
1096 1991 1122 2030 ro

73 2086 111 2127 ea
128 2069 198 2127 fini
215 2070 334 2127 facere
352 2068 446 2127 velle
462 2068 616 2143 aliquid,
634 2071 692 2126 uti
705 2087 895 2142 numquam
911 2067 946 2124 id
966 2067 1082 2124 facias

74 2158 164 2232 quod
186 2157 285 2216 velis.
309 2160 438 2234 -post
461 2157 565 2217 deinde
589 2176 676 2215 usum
700 2175 763 2216 esse
786 2155 929 2215 Catonem
954 2156 1028 2216 dicit
1051 2155 1082 2212 in

74 2247 172 2306 eadem
195 2249 329 2306 oratione
353 2250 535 2325 argumentis
556 2267 662 2323 parum
685 2245 816 2306 honestis
835 2249 866 2305 et
883 2247 972 2304 nimis
991 2243 1082 2302 auda-

74 2336 154 2395 cibus
177 2354 212 2395 ac
239 2356 298 2396 non
322 2338 380 2395 viri
403 2339 475 2411 eius,
504 2338 557 2412 qui
579 2331 734 2412 alio<qui>
757 2335 826 2410 fuit,
853 2335 905 2394 sed
932 2335 1024 2393 vafris
1049 2351 1082 2392 ac

74 2425 233 2485 fallaciosis
252 2428 282 2484 et
300 2427 387 2502 quasi
401 2424 582 2484 Graecorum
601 2426 802 2500 sophistarum·
819 2425 967 2484 sollertiis.
1003 2441 1082 2481 nam
1097 2437 1122 2477 rs

75 2531 147 2572 cum
174 2514 383 2574 obiceretur
411 2514 511 2590 inquit
540 2513 801 2587 Rodiensibus,
830 2513 922 2588 quod
949 2512 1083 2571 bellum

75 2604 205 2678 populo
227 2603 385 2664 Romano
406 2604 525 2662 facere
548 2603 765 2675 voluissent,
795 2602 943 2680 negavit
969 2619 1083 2678 poena

76 2709 147 2750 esse
174 2692 315 2769 dignos,
348 2694 431 2768 quia
458 2693 493 2750 id
521 2712 589 2751 non
619 2694 804 2767 fecissent,
837 2693 907 2750 etsi
934 2690 1083 2749 maxime

76 2781 291 2855 voluissent,
314 2781 539 2856 ,induxisseque
576 2802 643 2840 eum
679 2781 765 2854 dicit,
807 2799 897 2856 quarn
934 2779 1084 2840 dialectici

77 2865 229 2950 ἐπαγωγὴν
253 2870 414 2946 appellant,
435 2890 498 2929 rem
519 2869 678 2929 admodum
700 2870 880 2930 insidiosam·
893 2872 923 2928 et
946 2868 1083 2944 sophisti-
1097 2882 1124 2922 so

77 2974 139 3016 cam
156 2978 251 3035 neque
271 2959 309 3018 ad
325 2962 465 3019 veritates
484 2961 580 3036 magis
595 2979 684 3034 quam
704 2959 741 3018 ad
761 2958 912 3034 captiones
927 2960 1084 3033 repertam,

79 3065 140 3106 cum
155 3051 280 3108 conatus
294 3049 334 3107 sit
347 3049 488 3125 exemplis
503 3048 718 3129 decipientibus
738 3047 885 3128 conligere
899 3047 1085 3118 confirmare·

79 3139 132 3211 q'ue
153 3139 308 3212 neminem,
332 3138 384 3213 qui
407 3138 603 3215 malefacere
627 3139 734 3211 voluit,
754 3137 845 3213 plecti
863 3129 995 3211 'aequum
1014 3153 1085 3207 esse,

77 3227 133 3285 nisi
155 3227 234 3303 quod
260 3227 373 3303 factum
396 3227 504 3302 uoluit,
535 3229 625 3286 etiam
653 3227 763 3287 feccrit.
782 3261 794 3282 :.
810 3225 900 3285 verba
927 3228 1085 3284 antemos

79 3332 112 3373 ea
133 3315 329 3398 orationeMs
351 3315 474 3400 Catonis
502 3317 574 3376 haec
601 3320 671 3376 sunt
694 3309 741 3395 [V
759 3309 858 3394 NJ:¹
883 3310 959 3402 ‘qui
989 3320 1085 3398 acer·
1099 3325 1125 3367 es

79 3404 355 3465 rime'advorsu's
372 3417 436 3465 eos
460 3406 564 3480 dicit,
591 3407 645 3465 ita
668 3405 758 3463 dicit
780 3400 1085 3478 hostes'voluisjsffe

80 3492 169 3555 fieri.
206 3496 329 3574 ecquis,
352 3498 411 3558 est
427 3495 584 3568 tandem,
601 3495 672 3571 'qui'
690 3485 915 3567 vestrorum„
928 3488 1023 3569 quod
1038 3477 1086 3562 ad

79 3599 150 3642 sose
168 3575 512 3670 attineatsaequum
531 3587 675 3648 censeat
697 3601 829 3658 poenas
849 3583 932 3642 dare
952 3582 993 3642 ob
1013 3602 1087 3642 eam
