2460 3900
396 199 433 251 M.
453 197 591 252 Antonius
612 197 723 266 Gnipho
1028 199 1070 262 99

127 363 149 412 3.
170 359 244 414 Suet.
258 358 325 413 ibid.
344 357 380 410 M.
395 358 535 412 Antonius
553 357 664 427 Gnipho
682 387 717 398 -
735 358 823 413 fuisse
842 359 946 414 dicitur
964 349 1072 429 ingenii

66 431 159 499 magni,
186 430 338 483 memoriae
366 429 531 513 singularis,
558 447 610 484 nec
632 430 724 483 minus
752 445 853 500 graece
876 449 961 498 quam
983 432 1072 485 latine

68 500 163 567 doctus,
181 504 329 570 praetereo
348 518 420 555 com1
438 501 574 568 facilique
592 505 700 555 natura.
734 503 769 568 ef.
785 503 829 558 De
848 504 904 557 tcd.
920 504 971 557 tot.
987 504 1003 557 l.
1018 521 1040 558 c.

68 639 286 697 SCRIPTORUM

130 755 155 804 4.
174 751 243 805 Suet.
259 749 326 804 ibid.
345 749 382 804 M.
397 751 536 804 Antonius
555 749 666 818 Gnipho
682 782 715 790 —
731 751 844 819 scripsit
857 751 956 817 mults,
976 769 1072 819 quam-

68 820 105 873 vis
121 838 221 875 annum
240 823 342 875 aetatis
362 822 626 892 quinquagesimum
644 839 701 876 non
715 823 872 878 excesserit.
906 823 960 876 etsi
973 824 1073 878 Ateius

68 890 217 962 Philologus
237 893 284 964 [fr.
296 894 340 964 10]
361 894 415 947 duo
430 896 542 947 tantum
555 893 699 948 volumina
718 894 757 947 de
775 894 899 949 Latino
919 911 1072 949 sermone

62 961 202 1030 reliquisse
229 980 294 1018 enm
321 963 423 1030 tradit3
451 981 516 1018 nam
542 965 635 1019 catera
659 965 764 1034 scripta
788 965 990 1034 discipulorum
1013 966 1072 1020 eius

70 1049 130 1102 esse,
148 1053 199 1089 non
217 1033 319 1105 ipsius,
342 1036 372 1089 in
391 1035 493 1104 quibus
515 1039 544 1091 et
562 1053 643 1089 suum
663 1035 767 1090 alicubi
786 1037 903 1106 reperiri
920 1053 1023 1092 nomen
1041 1042 1074 1090 ut

70 1104 115 1158 hoc
134 1126 180 1159 t*
202 1109 254 1162 tac
268 1109 404 1176 pertinere
422 1109 550 1162 videntur
563 1113 712 1178 praecepto
731 1109 876 1179 coaloya'oe
899 1109 935 1175 fr.
951 1113 976 1164 4.
1013 1110 1074 1164 alia

72 1177 99 1229 de
114 1180 216 1246 scriptis
235 1180 322 1245 infra.

132 1268 164 1334 cs.
185 1267 274 1334 (toste,
293 1268 488 1339 Pauly-Wiss.
506 1268 565 1324 RE
579 1274 604 1335 1,
617 1273 693 1324 2618

398 1511 434 1576 Β.
458 1509 732 1578 FRAGMENTA

372 1667 630 1724 COMMENTARII
652 1669 756 1723 ENNH

135 1793 301 1862 Gceptocem
324 1795 417 1848 Ennii
439 1797 554 1850 accolet
576 1796 765 1864 esplanooc'sse
788 1811 821 1849 ec
842 1795 878 1862 fr.
896 1799 911 1848 1
926 1795 1075 1849 Buecheler

75 1862 164 1933 cottepit
186 1867 248 1933 (Ro.
265 1868 341 1920 Mus.
357 1870 401 1920 36.
423 1870 496 1920 1881
511 1884 540 1935 p.
556 1870 610 1920 333
619 1869 683 1936 sq.);
705 1883 772 1920 nom
790 1865 863 1933 qood
881 1867 933 1921 atii
951 1865 983 1919 de
1005 1867 1074 1920 Gni-

73 1932 147 1997 ptone
163 1937 280 2004 quodam
298 1955 317 1990 a
336 1938 377 1990 M.
393 1940 516 1992 Antonio
535 1939 640 1992 diverso
660 1938 818 2007 Vespiliano
840 1939 985 2006 interprete
1003 1939 1073 2006 ecpi-

77 2009 193 2074 tacerent,
206 2009 282 2062 omni
292 2009 474 2075 fondamento
484 2015 563 2064 caret.
587 2010 648 2076 tue,
658 2010 815 2076 accidetwr,
828 2015 950 2077 spectant
963 2009 999 2076 fir.
1010 2011 1036 2062 2.
1048 2012 1073 2062 3.

552 2164 570 2218 1

131 2280 241 2359 Gnipho
283 2289 501 2344 commentatur
542 2284 696 2342 annalium
734 2284 810 2342 libro
848 2283 962 2342 decimo
998 2284 1075 2342 hanc

76 2367 193 2430 arborem
212 2367 395 2453 [accethwm]
415 2375 447 2432 in
465 2374 564 2432 insula
581 2371 705 2432 Cercina
724 2374 854 2450 regionis
873 2372 994 2430 Africae
1012 2391 1075 2431 esse

77 2463 256 2533 opportunam
282 2463 445 2538 tincturae,
475 2483 551 2538 quae
578 2465 610 2520 in
638 2463 718 2521 floris
743 2465 789 2521 sui
818 2462 944 2521 colorem
973 2463 1075 2520 lanam

77 2546 186 2625 tinguat
209 2551 288 2610 unde
311 2555 402 2612 vestis
425 2552 564 2612 acanthio
588 2551 765 2627 appellatur.

135 2647 214 2703 Sctct.
230 2651 316 2704 Bere.
330 2667 418 2722 qecrp.
432 2655 460 2719 2,
476 2656 530 2706 119
543 2649 674 2704 Acanthi.
700 2663 790 2713 Gnipho
802 2682 833 2689 -
845 2665 978 2712 apponam.
999 2649 1076 2718 cpcd

77 2715 186 2774 Ennium
209 2725 285 2790 (ann.
305 2725 361 2776 330
380 2722 434 2792 V.²)
462 2723 528 2778 urbs
551 2721 695 2777 Acanthos
719 2728 868 2776 meotoratc
891 2738 945 2776 esse
967 2720 1076 2776 videtur

77 2787 172 2850 (Boo.
185 2793 251 2848 ibid.
262 2810 294 2862 p.
310 2795 382 2847 334).
407 2796 499 2849 hooc.
511 2793 580 2848 brev.
596 2809 685 2862 eaepcs.
697 2797 728 2846 to
744 2793 819 2862 Vero.
835 2792 874 2847 od
887 2792 904 2845 l.
915 2810 937 2846 c.
952 2791 1076 2858 acanthi,

77 2857 104 2938 de
119 2877 170 2928 qna
188 2862 298 2932 Gnipho
318 2864 443 2934 scripsit,
462 2882 517 2933 quo
535 2866 565 2918 in
584 2865 650 2918 flore
668 2864 760 2917 tincta
777 2863 863 2917 vestis
881 2864 1015 2917 acanthis
1034 2863 1075 2917 di-

77 2931 143 2986 tltnr.
173 2937 206 3002 cf.
226 2937 316 2990 Varro
331 2939 374 3005 (ee
393 2937 531 3007 Fpieadc)
551 2937 628 3006 opud
648 2935 722 2991 Sero.
738 2937 814 2990 Dara
830 2936 900 2990 Aeo.
918 2941 944 3002 1,
959 2939 1021 2990 649.

74 3091 114 3145 cod
135 3023 248 3150 {pgnffo
339 3027 543 3080 commentator
568 3041 592 3079 c.
616 3025 665 3080 lib.
685 3025 710 3077 X
737 3056 772 3065 -
801 3040 860 3078 esso
889 3023 960 3078 dicit
986 3026 1075 3092 oport.

114 3135 120 3145 .
187 3114 202 3150 r

413 3240 597 3295 INCERTAE
617 3239 717 3294 SEDIS

553 3377 575 3434 2

133 3497 274 3562 Antonius
305 3499 423 3577 Gnipho
446 3531 490 3540 -
514 3498 610 3558 Salios
638 3497 761 3556 Herculi
792 3496 876 3554 datos
906 3495 1014 3583 probat
1043 3495 1075 3550 in

80 3600 106 3639 eo
123 3587 271 3666 volumine,
295 3608 353 3667 quo
373 3589 507 3666 disputat
525 3588 597 3664 quid
617 3590 656 3646 sit
674 3587 776 3659 testra,
800 3583 879 3659 quod
902 3585 947 3642 est
966 3584 1075 3640 ostium

827 3683 860 3734 ἵ*
