2442 3902
161 209 228 272 344
309 208 514 262 Grammatioae
534 208 636 261 aetatis
656 205 846 260 Varronianao
865 206 1025 276 fragmenta

162 379 257 437 atr-ios
284 395 386 437 rursus
414 377 484 437 deos
512 378 543 436 et
569 377 673 436 heroas
703 375 880 451 pronuntiat
909 375 1065 452 appellari,
1091 392 1154 433 nuno

162 469 353 543 antiquorum
381 467 544 527 sententias
574 484 699 542 sequens
727 465 840 524 Laruas
878 484 940 554 esso
978 465 1048 524 dioit
1071 465 1154 536 Lares,

135 557 248 632 equasi
272 556 416 632 quosdam
440 557 542 633 genios
566 559 596 615 et
618 557 789 614 functorum
813 556 935 614 animas.

232 658 336 711 Areos.
352 660 378 723 3,
392 659 427 710 41
446 670 518 710 Varro
537 653 666 708 similiter
688 669 801 708 saonem
816 686 848 694 —
864 667 949 708 anima
972 652 1153 725 [mortuorum]¹

160 728 195 794 of.
220 729 279 782 nez.
303 728 364 783 Stil.
392 728 429 795 fr.
451 733 474 781 1.
518 727 571 782 oo.
596 727 628 780 de
653 728 699 798 lep.
719 730 746 792 2,
761 730 805 781 22.
852 725 926 780 Prae.
950 733 1050 796 quaest.
1073 726 1102 780 R.
1119 729 1154 778 52.

160 799 232 938 {erg}⁸
243 802 322 924 igere.
338 804 364 864 3,
375 802 418 852 63.
452 799 530 867 (leid.
551 815 589 852 or.
604 801 768 864 8,11,100).
802 798 876 851 Non.
891 815 921 865 p.
938 801 1019 863 66,8.
1050 797 1155 851 Manet.

232 983 246 1029 1
267 995 364 1031 manas
447 976 619 1030 thaerohas
700 981 716 1028 5
736 975 933 1030 offunotorum:
953 993 1001 1030 em.
1017 975 1157 1032 &mediae

633 1130 702 1186 373

226 1254 402 1314 Novensiles
441 1287 481 1294 —-
520 1255 714 1312 novenarium
751 1273 906 1311 numerum
943 1252 1039 1312 tradit
1069 1251 1157 1321 Varro,
1208 1261 1209 1338 p

159 1343 239 1419 quod
259 1344 291 1402 in
314 1342 467 1402 movendis
490 1342 577 1402 rebus
599 1342 824 1418 potentissimus
848 1359 965 1418 semper
983 1342 1117 1401 habeatur
1131 1341 1158 1396 et
1208 1339 1209 1414 l

160 1434 314 1492 maximus.

231 1532 333 1586 Amol).
349 1536 375 1598 3,
390 1536 427 1586 38
445 1546 576 1586 Novensiles
592 1563 619 1570 -
637 1545 755 1584 maximus.
787 1531 821 1596 cf.
846 1531 933 1584 Varro
957 1531 990 1584 de
1009 1531 1025 1585 l.
1042 1530 1072 1583 Ῑι.
1086 1533 1108 1595 5,
1121 1531 1157 1580 74.

159 1604 225 1658 Piso
239 1604 274 1670 fr.
290 1608 314 1657 4.
343 1604 440 1657 Aelius
459 1603 527 1658 Stilo
541 1603 576 1669 fr.
592 1606 637 1657 22.
668 1603 779 1657 Oincins
791 1603 829 1668 fr.
843 1605 887 1656 22.
919 1601 1079 1668 Cornificius
1090 1603 1121 1668 fr.
1134 1605 1157 1652 8.

230 1714 246 1762 2
265 1710 295 1763 in
312 1710 449 1764 novandis
470 1710 588 1764 Ursinus

630 1862 701 1919 374

226 1985 322 2047 Varro
341 1987 393 2062 qui
417 1988 486 2045 sunt
509 1987 654 2045 introrsus
674 1988 764 2061 atque
786 1985 819 2043 in
837 1984 953 2043 intimis
972 1981 1158 2062 penetralibus

158 2077 234 2135 oaeli
270 2076 340 2136 deos
377 2094 439 2136 esse
477 2078 577 2135 censet
613 2093 687 2151 quos
723 2075 875 2151 loquimur
912 2067 1076 2153 [Penates]‚
1112 2087 1158 2128 nec

159 2183 260 2225 eorum
297 2183 452 2224 numerum
488 2184 542 2224 neo
579 2165 701 2224 nomina
737 2164 813 2223 seiri.
859 2162 913 2222 hos
947 2162 1100 2222 Consentes
1133 2161 1160 2216 ot

159 2253 324 2331 Gomplioes
349 2255 467 2314 Etrusci
496 2255 581 2313 aiunt
605 2256 635 2312 et
657 2255 822 2327 nominent,
853 2252 933 2327 quod
955 2272 1017 2312 una
1038 2251 1158 2310 oriantur

132 2347 190 2403 ees
209 2344 347 2402 occidant
369 2364 436 2419 una,
461 2362 511 2402 sex
529 2361 625 2402 mares
649 2346 679 2400 et
701 2343 826 2402 totidem
845 2341 981 2415 feminas,
1005 2339 1157 2400 nominibus

158 2434 270 2511 ignotis
294 2436 324 2492 et
346 2433 547 2493 miserationis
575 2433 781 2508 parcissimae3
811 2431 862 2490 sed
890 2449 940 2490 eos
963 2431 1070 2490 summi
1090 2425 1156 2488 Iovis

159 2523 345 2582 consiliarios
369 2541 404 2582 ao
427 2522 588 2598 participes
613 2521 784 2580 existimari.

229 2622 332 2676 Amol).
348 2625 373 2687 3,
388 2625 424 2675 40
438 2636 510 2676 Varro
525 2636 564 2684 qui
578 2652 611 2660 —
627 2634 756 2675 existimaris
780 2620 814 2686 cf.
830 2620 910 2674 Prob.
932 2620 1008 2690 γῆς.
1025 2619 1155 2683 buc.6‚3l·
1207 2647 1208 2698 p

158 2693 230 2748 Sero.
250 2693 326 2747 Dan.
347 2695 416 2747 Aen.
431 2697 457 2758 2,
471 2697 534 2747 296.
562 2692 601 2746 id.
621 2693 686 2746 ibid.
702 2696 779 2758 3,12
797 2692 936 2763 [Varrone
959 2691 1078 2762 auctore]
1099 2701 1156 2756 quoe
1207 2715 1208 2760 s

157 2764 275 2818 Romani
294 2765 407 2834 penitus
426 2765 455 2818 in
475 2764 552 2818 cultu
570 2764 685 2830 habent,
704 2780 774 2831 quos
793 2763 849 2815 nisi
867 2762 1008 2817 ennoean
1021 2763 1110 2816 vidore
1121 2757 1156 2810 fn
1207 2775 1208 2814 ζ

157 2835 230 2890 nulli
249 2835 298 2902 eit,
323 2836 372 2904 qui
390 2836 454 2890 ideo
473 2838 588 2904 penates
615 2834 807 2904 appellantur,
830 2835 905 2902 quod
927 2833 959 2886 in
980 2829 1156 2903 penetralibus

158 2907 271 2961 aedium
290 2904 345 2960 ooli
364 2906 485 2971 soleaut;
509 2925 574 2961 nam
593 2909 622 2962 et
640 2907 733 2975 ipsum
751 2905 878 2975 penetral
898 2921 987 2974 penus
1006 2905 1112 2970 dieitur,
1131 2899 1156 2952 ul

157 2979 370 3106 horzie3qepoguo
389 2995 477 3048 ponus
496 2979 599 3042 Vestae
619 2977 713 3031 claudi
731 2977 776 3030 vel
795 2977 897 3046 aperiri
916 2976 1027 3031 dieitur.
1054 2977 1087 3044 cs.
1102 2973 1156 3029 Ma·

157 3067 226 3106 oro.
259 3093 267 3117 ,
300 3093 308 3117 ,
343 3094 348 3104 .

229 3163 245 3210 6
264 3156 472 3212 memorationis
497 3157 613 3212 Ursinus
673 3162 687 3209 ‘l
707 3155 860 3225 participas
879 3155 1012 3227 Scoliper:
1031 3153 1155 3225 prinsipes

630 3308 699 3367 375

225 3433 321 3489 Varro
352 3432 524 3491 Pilumnum
554 3436 584 3490 et
613 3433 789 3491 Pitumnum
817 3431 981 3491 infantium
1011 3433 1078 3492 daos
1104 3440 1152 3488 esst

161 3519 328 3591 utrisque
356 3538 409 3592 pro
433 3539 578 3595 puerpera
606 3522 714 3579 lectum
739 3523 770 3578 in
795 3523 872 3580 atrio
895 3522 1002 3596 sterni,
1032 3521 1097 3579 dum
1116 3531 1152 3573 οἱ·

161 3603 295 3665 ploratur
318 3625 356 3668 en
379 3608 481 3669 vitalis
505 3609 545 3666 sit
568 3610 619 3689 qui
642 3613 730 3674 natus
754 3613 813 3684 ost3
835 3610 905 3670 Piso
930 3605 982 3695 [fr.
1004 3605 1037 3694 5]
1060 3608 1152 3670 Pilum·
