2504 3904
79 114 263 170 clraemnas.
272 112 405 185 Agrippa.
415 112 606 182 Philargyrus.
617 112 729 181 Aquila.
739 113 854 184 Trogus.
865 112 998 168 L.Variue
1017 111 1081 176 571

331 355 593 442 POMPEIUS
627 354 830 441 TROGUS

144 535 244 588 Iuetia.
265 537 308 599 38,
327 537 401 598 3,11
425 532 573 602 Pompeius
597 532 704 602 Trogus
724 563 757 571 -
776 533 805 585 in
828 531 905 585 Livio
930 531 1006 585 etin
1025 529 1085 583 Sal-

78 604 158 659 lustio
185 604 364 673 reprehendit
391 604 466 671 quod
499 604 641 658 contiones
670 605 791 657 directae
818 619 869 671 pro
898 619 949 656 sua
975 600 1085 656 ratione

76 677 151 745 operi
170 693 218 730 suo
237 674 385 730 inserendo
403 675 538 730 historiae
555 675 669 728 modum
689 674 864 728 excesserint.

146 789 161 836 2
180 783 320 836 oratione:
341 799 388 836 em.
405 783 548 850 Woelfflin
566 796 696 849 pervorsa
714 781 824 835 ratione
846 780 1005 836 Gancbiuid

343 1079 390 1162 L.
423 1075 612 1163 VARIUS
644 1075 819 1162 RUFUS

149 1255 180 1308 ic
197 1271 339 1308 numeram
357 1254 519 1322 emptorum
537 1253 667 1308 historiae
682 1253 835 1306 litterarum
855 1252 970 1305 Varium
989 1251 1088 1318 referre

75 1343 162 1380 cuuis
175 1342 231 1380 aba
244 1343 313 1391 cum,
328 1341 492 1394 quamquam
506 1341 539 1379 eie
555 1324 730 1394 Quintiliano
745 1325 790 1392 (fr.
802 1325 828 1391 1)
843 1329 868 1376 et
884 1322 951 1376 Geli.
962 1324 1088 1388 1⁷,10‚2

75 1414 127 1452 cuo
145 1399 204 1452 iure
222 1397 359 1467 Spaldiap
377 1397 491 1451 coniecit
513 1397 629 1450 Varium
647 1396 679 1450 de
697 1395 807 1465 iuqecio
830 1395 1001 1462 moribusque
1025 1394 1087 1447 Ver·

74 1470 140 1540 pilii
158 1470 204 1537 (au
223 1470 254 1521 iu
272 1470 331 1521 eius
348 1465 494 1535 editiouei)
517 1468 657 1536 scripsisse
676 1467 720 1536 (cf.
741 1466 822 1521 etiam
841 1465 968 1531 Ribbeck,
984 1466 1087 1535 proieq.

76 1542 115 1594 ad
143 1540 218 1610 Vero.
240 1558 270 1609 p.
290 1543 327 1592 89
333 1559 343 1604 ;
370 1540 450 1593 aliter·
477 1540 587 1604 Pascal,
612 1539 674 1592 Ric.
699 1538 730 1592 di
751 1539 789 1604 pil.
810 1541 852 1590 17.
873 1540 949 1590 1888
968 1554 998 1605 p.
1015 1538 1087 1604 152).

75 1612 159 1665 baiae
183 1611 258 1665 mooli
281 1611 371 1664 libello
394 1610 511 1664 Ribbeck
533 1627 566 1662 ec
589 1626 658 1678 quae
681 1609 713 1664 ule
735 1610 854 1673 ratione,
878 1625 933 1677 quc
951 1607 1089 1678 Verpiliac

79 1683 221 1736 Aeneidem
244 1681 372 1747 confecit,
395 1681 500 1736 tradita
522 1687 588 1735 scuit
606 1681 687 1748 (Suet.
706 1680 763 1734 rell.
779 1697 809 1747 p.
829 1683 865 1732 59
884 1679 930 1746 R.)
950 1679 1087 1749 adcipiat.

446 1912 719 1980 FRAGMENTA

571 2058 589 2111 1

142 2161 310 2240 Vergilium
339 2162 533 2237 paucissimos
557 2161 604 2218 die
629 2163 828 2236 composuisse
855 2177 958 2218 versus
987 2161 1090 2216 auctor

72 2254 122 2310 est
144 2251 261 2310 Variuc

157 2340 249 2410 Quini.
265 2345 309 2406 10,
328 2344 354 2406 3,
372 2343 391 2393 8
410 2353 534 2403 Vergilium
553 2356 663 2407 quoque
682 2353 827 2400 paucissimos
840 2369 866 2377 —
879 2351 967 2390 Verius.

148 2452 163 2500 2
183 2446 273 2500 varus
291 2448 375 2500 Bera.
396 2447 494 2501 Bamb.

397 2604 622 2660 VERGILIANA
647 2602 769 2658 EDITIO

148 2731 219 2786 Sciet.
244 2732 290 2784 cit.
311 2731 386 2800 Vero.
407 2748 437 2799 p.
457 2733 492 2783 64
511 2730 546 2783 R.
573 2728 660 2782 Vario
687 2745 719 2782 ac
745 2727 831 2782 simul
852 2727 960 2782 Tuccae
987 2726 1092 2795 scriptu

72 2818 128 2856 ena
148 2802 200 2855 sub
220 2818 253 2855 ea
272 2801 437 2856 condicione
454 2800 568 2870 legavit,
587 2799 706 2868 nequid
725 2800 840 2853 ederent
858 2800 933 2868 quod
952 2815 1008 2852 non
1027 2816 1043 2851 a
1062 2814 1092 2853 se

72 2873 186 2928 editum
214 2876 294 2926 esset.
341 2872 450 2925 edidit
477 2874 573 2926 cutem
600 2872 712 2926 auctore
740 2871 867 2941 Augusto
891 2870 1010 2924 Varius
1043 2870 1092 2922 sed

71 2945 270 2999 summatim
289 2944 480 3010 emendata,
499 2945 532 2997 ut
550 2943 599 3012 qui
614 2960 707 2996 versus
721 2941 809 3013 etiam
825 2941 1004 3010 imperfectos
1019 2940 1092 2994 sicut

72 3018 158 3070 erant
176 3015 329 3083 reliquerit.
363 3016 537 3085 Verpiliauce
555 3015 683 3069 editioni
701 3015 790 3070 omnio
811 3015 860 3068 boc
882 3031 969 3067 anam
992 3017 1093 3067 cenum

71 3095 113 3143 est
136 3088 341 3152 documentum
366 3086 438 3156 qaod
463 3088 535 3140 euim
554 3087 638 3141 Vario
661 3087 732 3139 alibi
757 3087 846 3140 Tucca
864 3086 1036 3154 cdiuayitar,
1059 3099 1111 3136 ecc.

68 3177 102 3215 eo
118 3165 210 3214 ortum
229 3164 267 3213 eet
280 3159 352 3226 quob
369 3158 459 3212 Tucca
477 3173 538 3212 cam
557 3158 641 3212 Vario
660 3175 679 3211 a
697 3156 816 3226 Verqclio
834 3157 908 3210 berec
923 3157 1042 3224 arripias
1055 3160 1094 3207 est

70 3231 119 3300 (cf.
136 3231 263 3296 Norden,
277 3230 391 3283 Hennes
404 3233 448 3283 28.
469 3233 542 3284 1893
556 3247 586 3297 p.
598 3233 658 3283 501.
687 3229 753 3293 Leo,
767 3229 811 3282 Pl.
826 3228 862 3282 F.
878 3244 908 3295 p.
919 3230 956 3281 38
963 3227 1020 3295 so).
1039 3226 1092 3278 ila-

70 3319 125 3371 que
146 3301 343 3356 enieadatioaie
365 3306 441 3371 eyeut
462 3302 540 3356 baec:
565 3301 638 3355 Suet.
657 3300 703 3353 cit.
724 3298 801 3369 Very.
816 3316 845 3368 p.
867 3303 903 3353 63
917 3299 952 3352 R.
976 3296 1094 3351 heredes

69 3371 145 3426 fecit
165 3404 199 3412 —
223 3372 253 3425 L.
273 3370 406 3425 Varium
426 3373 455 3425 et
472 3371 621 3426 Plotium
640 3370 796 3437 Tuccam,
820 3369 870 3438 qui
889 3367 948 3423 eius
967 3367 1093 3423 Aeneida

67 3446 141 3514 poet
161 3442 270 3497 obitum
288 3443 366 3497 iuseu
384 3441 510 3496 Caesaris
536 3443 802 3496 emendaverunt
827 3442 935 3513 [abaci
953 3440 1095 3508 Sulpiciae

70 3516 316 3586 Oartlrupiaieueie
334 3514 519 3584 numeratur}
556 3515 671 3568 Hieron.
691 3514 729 3568 ad
747 3531 772 3566 o.
792 3515 859 3568 Abr.
878 3517 954 3568 2000
974 3509 1093 3566 Varius
