2442 3902
164 189 229 252 256
312 189 519 245 Grammaticus
539 189 641 243 aetatis
660 189 854 242 varronianae
872 187 1033 259 fragmenta

233 349 396 404 idomnm:
415 367 463 404 ern.
485 349 604 406 Marcion·
662 349 769 402 curiam
788 349 925 418 appellat:
945 367 994 404 cm.
1015 351 1121 419 Popmo
1135 348 1173 401 lo·

162 436 224 473 oum
245 452 278 460 -
298 421 405 474 curiam
425 420 552 490 appellat
570 422 621 491 (ecl
640 423 712 490 ant)
730 423 801 476 coni.
821 422 950 491 Lindeny

589 609 657 667 210
680 602 751 686 [11]

228 731 246 788 1.
266 731 313 788 ΙΙ.
356 749 433 790 eum
456 732 492 790 in
510 732 675 807 quintum
698 732 844 810 gradum
869 734 1113 807 pervenerant
1129 736 1172 788 at·

161 838 227 893 que
246 819 427 879 habebant
450 821 641 898 sexaginta
664 839 787 894 annos,
811 824 885 878 tum
906 820 1061 895 denique
1081 823 1170 878 erant
1214 887 1215 894 ἵ

162 927 179 967 a
208 908 367 984 publicis
397 911 556 988 negotiis
586 910 697 968 liberi
727 913 834 985 atque
865 911 984 968 otiosi.
1036 909 1117 967 ideo
1143 907 1170 964 in
1214 899 1215 970 Ῠ

160 997 393 1073 proverbium
422 999 564 1074 quidam
592 1002 724 1074 putant
751 999 906 1073 venisse,
935 1001 975 1057 nt
998 998 1170 1056 diceretur

134 1087 416 1162 usexngenerios
440 1088 480 1146 de
503 1090 612 1164 ponte
631 1087 724 1146 deici
748 1091 928 1163 oportere,
951 1087 988 1144 id
1012 1091 1066 1146 est
1090 1085 1170 1161 quod

160 1175 378 1254 suffragium
397 1196 465 1235 non
488 1178 621 1252 ferant,
646 1177 739 1252 quod
757 1196 820 1253 per
837 1180 982 1252 pontem
1004 1176 1169 1235 ferebant.

232 1293 306 1346 Non.
324 1309 352 1361 p.
367 1297 430 1358 523,
443 1297 482 1347 22
505 1294 701 1364 sexagenarios
724 1310 775 1362 par
796 1294 912 1362 pontem
934 1292 1090 1346 mittendos
1108 1291 1170 1345 male

160 1361 210 1414 diu
228 1362 403 1431 popularitas
426 1363 579 1428 intellexit,
604 1381 668 1418 cnm
686 1364 775 1419 Varro
799 1364 834 1417 de
858 1362 918 1417 vita
940 1363 1039 1433 populi
1061 1361 1170 1418 Romani

160 1432 209 1488 lib.
220 1433 246 1487 H
259 1432 406 1488 honestam
420 1451 535 1488 cansam
547 1435 766 1505 religiosamque
779 1434 959 1504 patefecerit:
978 1461 1030 1489 eum
1038 1450 1170 1490 -nrasnr

159 1506 194 1572 cf.
215 1505 318 1559 Manet.
337 1506 374 1572 fr.
389 1511 414 1561 3.
445 1507 523 1561 Varr.
542 1512 594 1561 sat.
613 1512 667 1561 494
681 1509 750 1562 Bne.
772 1507 826 1562 Oio.
842 1523 895 1574 pro
914 1507 995 1561 Rosa.
1010 1511 1071 1561 100.
1103 1505 1170 1562 Ouid.

161 1576 225 1642 fast.
237 1582 263 1643 5,
273 1580 336 1632 625.
351 1577 431 1632 Sinn.
444 1578 510 1646 Oap.
521 1579 558 1645 fr.
567 1582 612 1633 21.
629 1579 752 1633 Macrob.
765 1585 790 1644 1,
800 1583 826 1644 5,
837 1582 878 1632 10.
894 1579 969 1632 Ptnt.
980 1585 1083 1648 quaest.
1095 1579 1128 1632 R.
1134 1581 1170 1632 32.
1214 1603 1215 1606 ¹

1213 1677 1215 1686 1

231 1706 248 1753 4
270 1701 431 1771 proverbio:
454 1719 502 1756 em.
522 1703 562 1756 ed,
582 1720 608 1756 a.
629 1707 698 1758 1471
789 1701 898 1755 venisse
921 1717 950 1756 se
974 1703 1065 1772 Intpd.
1091 1703 1170 1771 (Voss.

160 1773 224 1826 Lat.
240 1773 271 1825 F
287 1777 332 1842 73)
406 1779 422 1826 ὅ
441 1771 471 1826 id
489 1775 532 1826 est
551 1773 624 1827 deici
643 1791 687 1842 op.
706 1775 859 1828 LMneller

587 1979 653 2036 211
678 1923 749 2056 [1ο]

226 2093 245 2150 l.
264 2092 330 2150 III.
373 2091 434 2168 qui
458 2093 498 2150 de
521 2093 735 2168 ascriptivis
764 2111 839 2151 cum
867 2096 972 2151 erant
1000 2091 1171 2152 adtributi

159 2180 415 2240 decurionibus
439 2184 474 2240 et
498 2182 786 2256 centurionibuS,
815 2184 876 2258 qui
899 2201 1020 2241 eornm
1047 2182 1170 2240 habant
1212 2247 1213 2250 Ἴ

159 2289 354 2341 numerum,
378 2270 521 2329 accensi
539 2271 771 2330 vocabantur.
809 2271 950 2330 eosdem
970 2271 1081 2330 etiam
1098 2273 1170 2347 qni-

160 2358 238 2416 dam
261 2359 440 2418 voeabant
467 2360 701 2436 ferentarios,
732 2359 793 2435 qui
817 2359 1076 2438 depugnabant
1097 2361 1170 2417 fun·

132 2447 214 2506 odis
242 2451 276 2507 et
305 2447 506 2524 lapidibus,
538 2449 593 2509 his
624 2451 732 2508 armis
764 2468 852 2524 quae
882 2450 1080 2523 ferrentur,
1108 2466 1170 2506 nou
1211 2475 1212 2532 ᾗ

159 2555 247 2612 quae
271 2540 490 2596 tenerentur.

230 2654 304 2708 Non.
317 2672 348 2723 p.
363 2658 426 2720 520,
441 2659 457 2708 5
476 2653 642 2708 decuriones
661 2656 690 2707 et
709 2654 885 2707 centuriones
904 2671 921 2706 a
939 2669 1064 2720 numero,
1083 2653 1170 2708 cniiu
1210 2689 1211 2694 1

157 2722 263 2778 militia
280 2727 441 2793 praeerant,
466 2724 644 2791 dicebantur,
671 2725 794 2791 accensi,
818 2724 868 2791 qui
890 2723 934 2777 bis
958 2724 1172 2779 accersebantur

60 2795 72 2842 '·
157 2794 188 2849 id
211 2798 254 2849 eet
278 2795 520 2850 adtribuebantur.
558 2795 646 2850 Varro
670 2795 705 2851 de
727 2796 787 2850 vita
808 2795 907 2864 populi
930 2796 1051 2850 Romani
1075 2795 1122 2849 lib.
1138 2793 1170 2848 m

138 2866 222 2938 Ι[ΙΠΙ
241 2868 336 2922 Error.
356 2875 382 2922 et
400 2869 492 2922 Paris.
513 2868 576 2921 Lat.
593 2867 691 2938 7667]:
711 2881 751 2930 qm
764 2881 792 2922 aa
806 2899 832 2906 -
846 2885 982 2922 unientur.
1003 2868 1086 2923 Pani.
1101 2867 1169 2920 Fest.

154 2957 183 3007 p.
207 2942 253 3004 14,
278 2942 313 2992 13
341 2937 529 3008 adscripticii,
556 2938 600 2992 vel
624 2939 667 2991 uti
692 2937 809 3007 quidam
836 2938 1090 3012 (ad>scripti<vi)
1125 2939 1171 3009 [sic

158 3010 341 3065 Reitzenstein
366 3012 424 3065 coll.
451 3011 539 3076 Non,
567 3011 640 3065 Verr.
665 3009 778 3065 Forsan.
797 3010 896 3081 1131]
922 3008 1100 3074 dicebantur,
1125 3008 1170 3077 qui

158 3080 323 3150 supplendis
349 3080 509 3152 legionibus
535 3080 776 3136 adscribebantur.
814 3081 865 3135 bos
891 3083 920 3135 et
945 3097 1076 3136 accensos
1101 3080 1170 3134 dine

157 3152 236 3219 bant,
256 3153 331 3222 quod
351 3153 388 3207 ad
406 3151 550 3222 legionum
569 3169 682 3207 censum
701 3154 795 3206 essent
814 3150 960 3222 adscripti.
997 3152 1110 3221 quidam
1128 3167 1170 3203 ve

157 3222 243 3290 latos,
272 3223 339 3292 quia
365 3223 460 3278 vestiti
485 3224 605 3279 inermes
631 3225 814 3291 sequerentur
832 3222 995 3278 exercitum.
1032 3241 1087 3279 non
1102 3221 1168 3275 nulli

157 3293 338 3362 ferentarios,
357 3295 433 3362 quod
451 3294 547 3348 fundis
566 3294 765 3364 lapidibusque
782 3294 949 3364 proeliatnri
968 3311 1003 3348 ea
1020 3295 1101 3350 modo
1118 3293 1169 3346 ier·

156 3369 231 3428 rent,
257 3381 328 3432 quae
351 3367 381 3418 in
404 3366 499 3419 hostes
520 3367 652 3421 iacerent.
689 3368 794 3420 similia
809 3367 922 3421 Verrius
936 3383 966 3436 p.
982 3371 1028 3434 18,
1043 3372 1068 3422 6.
1087 3370 1130 3430 85,
1146 3369 1167 3416 7.

159 3439 222 3499 369,
239 3441 264 3500 4,
288 3453 357 3502 qnae
375 3453 473 3490 narnia
491 3439 522 3490 in
540 3437 584 3490 De
602 3439 620 3490 1.
636 3438 669 3490 L.
687 3441 712 3502 7,
727 3442 771 3491 56.
787 3441 831 3491 57.
847 3441 884 3491 58
902 3438 1065 3492 invasimus.
1104 3438 1167 3504 quia

158 3520 220 3557 nero
236 3505 347 3558 Verrius
356 3522 389 3558 en
399 3506 468 3560 libro
479 3508 535 3559 III
540 3506 583 3560 De
592 3509 650 3560 nita
661 3525 690 3574 p.
699 3509 735 3561 R.
746 3509 876 3574 inuenit,
886 3509 967 3562 11111111
975 3511 1032 3574 sere
1040 3508 1167 3562 remano

159 3579 205 3625 est.
230 3575 264 3637 ef.
285 3574 476 3640 Reitzenstein,
490 3576 564 3628 Veri.
586 3577 695 3630 lbrsob.
712 3595 742 3645 p.
758 3581 836 3646 30sq.
