2460 3900
465 179 492 234 C.
512 177 598 232 Iulius
619 177 720 233 Caesar
1038 181 1099 244 147

76 339 180 408 pulum
203 339 331 409 fugiunt,
355 339 395 394 sic
418 338 476 409 fug.
497 341 540 392 est
558 338 621 395 infr.
642 342 727 407 atque
746 339 797 394 ins.
813 340 848 393 v.’
883 342 913 394 ia
932 341 1021 396 aedera
1036 359 1101 410 pro-

74 414 169 479 posito
187 429 272 480 qaam
290 411 371 466 aliter
390 429 423 466 aa
436 411 555 466 Siseaaa
569 411 701 479 procedat
716 411 817 466 Caesar
835 413 877 466 ad.
898 413 975 480 apud
993 413 1100 468 Siseaa.

78 490 138 562 test.
159 489 182 537 1.
197 487 225 538 2.
259 483 292 537 da
309 499 337 537 re
356 485 389 549 cf.
410 484 493 537 etiam
511 482 600 537 Varro
617 483 653 549 fr.
669 488 731 536 464.

156 579 168 624 1
189 571 299 638 fugiam
317 570 477 639 infrequens
497 573 582 639 atque
602 572 725 626 Maerob.

543 689 641 774 3l7l

149 803 168 860 l.
183 803 211 860 I.
249 801 340 860 Gaius
356 799 464 860 Caesar
482 835 523 842 -
543 803 575 859 in
597 802 694 876 libris,
719 821 792 877 quos
814 802 851 860 ad
875 803 914 860 M.
931 801 1100 862 Ciceronem

80 891 119 950 de
134 893 274 970 analogia
292 892 477 966 conscripsit,
495 891 621 950 harenas
640 891 748 950 vitiose
763 892 822 950 dici
842 892 1000 968 existimat,
1019 893 1100 968 quod

81 981 195 1038 harena
209 999 374 1055 numquam
391 979 593 1039 multitudinis
607 998 729 1038 numero
745 980 925 1056 appellanda
939 983 988 1052 sit,
1012 983 1100 1041 sicuti

81 1089 179 1144 neque
210 1069 325 1128 eaelum
356 1087 452 1144 neque
484 1070 631 1147 triticum3
665 1073 769 1128 contra
799 1073 899 1128 autem
931 1071 1100 1148 quadrigae,

52 1160 203 1218 setiamsi
225 1177 330 1217 currus
353 1177 438 1234 unus,
467 1177 609 1233 equorum
633 1161 775 1234 quattuor
802 1160 971 1218 iunctorum
994 1179 1100 1238 agmen

81 1268 176 1305 unum
199 1248 247 1322 sit,
275 1247 426 1322 plurativo
450 1266 565 1323 semper
587 1266 709 1306 numero
734 1247 873 1307 dicendas
896 1252 994 1325 putat,
1022 1251 1101 1308 sicut

82 1356 168 1396 arma
191 1340 223 1395 et
245 1336 362 1395 moenia
385 1339 415 1394 et
438 1337 560 1395 comitia
584 1340 614 1394 et
636 1337 818 1396 inimicitias.

157 1418 225 1472 Gall.
237 1421 280 1484 19,
291 1422 346 1482 8,3
365 1418 497 1487 [loquitar
509 1418 651 1472 Cornelias
663 1417 781 1488 Fronto]
796 1432 866 1473 estus
881 1418 955 1471 enim
970 1431 1051 1472 Caesar
1064 1451 1099 1486 -,

83 1489 125 1541 vir
148 1489 257 1571 ingenii
281 1488 486 1557 praecellentis,
515 1489 649 1542 sermonis
676 1491 787 1556 praeter
811 1489 881 1542 alios
905 1505 972 1543 suae
997 1490 1099 1543 aetatis

83 1559 248 1626 castissimi,
272 1575 297 1614 in
311 1574 374 1614 ueris
392 1592 418 1599 -
436 1574 572 1624 maiestras,
600 1560 655 1613 nisi
682 1561 751 1628 quid
775 1563 872 1614 contra
895 1577 928 1614 ea
948 1561 1019 1614 dicis
1039 1561 1099 1631 [aa

81 1632 237 1699 familiaris
250 1632 364 1699 quidam
378 1631 550 1701 Frontonis],
570 1634 717 1699 poetarum
730 1631 925 1700 pulcherrime,
940 1649 996 1700 quo
1011 1633 1099 1703 [quod

82 1703 174 1772 codd]
194 1705 223 1756 et
236 1705 265 1756 te
279 1718 381 1784 purges
396 1704 425 1756 et
438 1718 493 1756 non
509 1719 569 1755 esse
583 1703 613 1755 id
628 1702 727 1756 vitium
747 1704 927 1757 demonstres.
962 1704 997 1758 de
1012 1703 1098 1770 eaelo,

82 1774 177 1842 inquit
191 1773 248 1840 ille,
263 1775 292 1828 et
306 1773 400 1827 tritico
413 1790 469 1827 non
483 1773 588 1826 infitias
599 1789 640 1840 eo,
655 1774 724 1842 quin
739 1773 849 1845 singulo
861 1790 970 1843 semper
983 1791 1098 1828 numero

83 1845 205 1899 dicenda
228 1845 293 1910 sint,
319 1860 408 1913 neque
433 1845 467 1898 de
493 1845 577 1898 armis
601 1847 629 1898 et
652 1845 798 1899 moenibus
822 1848 849 1899 et
873 1846 1004 1912 comitiis,
1030 1847 1099 1914 quin

83 1917 174 1985 figura
187 1915 378 1969 multitudinis
393 1919 530 1984 perpetua
540 1919 718 1982 censeantur;
734 1917 889 1970 videbimus
900 1920 995 1971 autem
1004 1917 1099 1986 potius

84 1989 161 2058 [post
179 1989 269 2042 codd:
288 2004 336 2041 em.
356 1987 474 2059 Hostus]
494 1987 529 2040 de
547 1987 705 2042 inimicitiis
720 1991 748 2042 et
767 1989 921 2058 quadrigis.
951 2005 983 2042 ac
998 1987 1098 2042 fortas·

84 2077 111 2112 se
129 2077 165 2112 an
185 2059 220 2112 de
239 2057 384 2128 quadrigis
403 2060 528 2112 veterum
546 2059 711 2112 auctoritati
731 2076 900 2126 concessere,
919 2059 1099 2113 inimicitiam

83 2133 188 2197 tamen,
206 2132 289 2184 ereutr
303 2131 481 2184 1nsc1ent1am
496 2132 524 2183 et
539 2130 726 2198 inpotentiam
740 2132 770 2184 et
783 2131 924 2195 iniuriam,
939 2148 1011 2199 quae
1025 2133 1098 2185 ratic

83 2205 134 2270 est,
153 2201 354 2270 quamobrem
369 2199 396 2254 0,
409 2201 510 2255 Caesar
525 2201 569 2254 vel
580 2201 686 2255 dietam
696 2218 755 2254 esse
766 2219 783 2254 a
793 2202 932 2256 veteribus
947 2202 991 2255 vel
1005 2203 1099 2256 dicen-

83 2273 149 2326 dam
167 2290 185 2326 a
200 2273 280 2326 nobis
299 2289 355 2326 non
373 2275 464 2342 putat,
484 2272 597 2340 quando
612 2271 729 2326 Plautus
748 2272 862 2341 linguae
877 2273 994 2327 Latinae
1013 2275 1098 2328 decus

83 2345 215 2398 deliciam
225 2359 336 2412 quoque
348 2343 444 2406 ἑνικῶς
454 2343 557 2397 dixerit
569 2360 619 2413 pro
630 2343 784 2398 deliciis-
796 2345 890 2427 [Poca.
902 2345 987 2414 365]?
1005 2345 1099 2398 inimi-

83 2416 179 2469 citiam
212 2417 307 2469 autem
335 2413 365 2479 Q.
390 2415 497 2468 Ennius
526 2416 556 2468 in
583 2415 633 2469 illo
661 2417 893 2469 memoratissimo
925 2415 997 2469 libro
1026 2416 1099 2469 dixit

83 2488 117 2557 [a.
129 2485 307 2558 326Ribb.³].
326 2488 541 2556 acaemetarum
551 2488 674 2556 ascripta
683 2488 796 2542 Caesari
804 2495 882 2553 certo,
893 2489 953 2542 lieet
963 2487 1099 2543 Macalla

82 2560 163 2615 aliter
170 2560 274 2613 sentiat
287 2559 388 2627 (Hert.
398 2559 510 2613 Jaarob.
520 2560 609 2626 suppl.
621 2563 646 2612 3.
661 2563 735 2613 1860
749 2577 780 2627 p.
791 2561 863 2628 650),
878 2561 974 2629 iqaota
986 2560 1100 2625 sacrarat

84 2630 172 2692 Gellio
191 2632 251 2699 ipso
270 2635 339 2684 teste.
377 2629 409 2684 de
426 2631 469 2684 ais
487 2631 556 2685 latro
571 2631 592 2682 Ι
606 2630 789 2700 adsignandis
807 2631 850 2683 ad.
870 2632 905 2699 fr.
921 2635 962 2684 3⁸.

153 2725 169 2772 6
190 2719 263 2772 siout
282 2717 357 2772 circa
375 2735 453 2771 arma
472 2720 563 2772 Paris.
583 2735 605 2772 s.
626 2721 718 2773 castra
737 2736 761 2772 a.
787 2720 875 2788 Vogel.

298 2891 330 2904 ἱ
533 2845 575 2901 3⁶
598 2836 647 2921 [7]

148 2951 210 3010 ll.
248 2969 315 3008 cum
334 2967 424 3026 supra
447 2949 570 3009 dixisset
592 2968 686 3024 neque
710 2949 824 3008 caelum
847 2968 942 3024 neque
965 2950 1099 3007 triticum

81 3058 176 3116 neque
209 3039 351 3097 harenam
385 3039 585 3097 multitudinis
622 3038 870 3114 significationem
901 3037 981 3114 pati,
1018 3058 1099 3095 num

81 3131 120 3186 tu
142 3130 245 3204 inquit
275 3121 416 3207 [Caesar]
454 3128 579 3186 harum
614 3147 730 3185 rerum
766 3131 898 3185 natura
935 3126 1098 3186 accidere

83 3217 293 3292 arbitraris,
322 3217 414 3293 quod
437 3236 541 3276 unam
564 3220 696 3275 terram
721 3220 755 3274 et
778 3217 900 3292 plures
924 3219 1041 3275 terras
1065 3219 1099 3274 et

56 3307 202 3368 aurbem
226 3309 260 3365 et
287 3306 392 3365 urbes
415 3310 449 3365 et
471 3308 662 3381 imperium
687 3308 721 3363 et
744 3305 898 3380 imperia
925 3305 1097 3380 dicamus,

81 3415 195 3474 neque
210 3395 406 3472 quadrigas
420 3397 457 3453 in
471 3414 575 3453 unam
589 3395 744 3454 nominis
763 3394 913 3471 figuram
931 3395 1097 3471 redigere

82 3505 194 3562 neque
231 3485 400 3543 harenam
440 3484 690 3542 multitudinis
734 3484 984 3558 appellatione
1021 3501 1097 3540 eon-

82 3579 223 3634 vertere
246 3571 447 3650 possimus?

832 3668 883 3720 10*
