2442 3902
301 201 337 255 M.
357 199 619 255 Terentiue'Vnrro.
656 199 686 254 L.
707 199 818 254 Cincius
1007 199 1074 264 371,

1207 273 1209 282 i

1208 385 1209 396 t

1208 413 1209 420 r

129 363 205 417 Laet.
216 363 250 416 de
263 362 330 431 opis.
345 363 371 414 d.
383 366 472 428 1216
485 355 520 414 νίι
533 361 630 427 itaquo
643 378 785 422 nunoupatus
793 393 820 400 -
829 375 921 415 mollier.
949 362 1017 415 Isid.
1033 378 1075 416 or.

63 438 101 499 11,
115 438 140 500 2,
154 438 197 487 17.
214 437 258 487 18.
283 434 341 500 diff.
361 450 412 487 rer.
432 437 469 487 82
491 447 526 485 ver
544 433 640 499 itaquo
659 449 810 497 nuncupatus,
837 434 870 484 ut
894 432 935 485 sit
954 431 1073 486 Lactan-

62 505 123 571 tius,
140 519 241 567 quoo—
253 519 346 559 monier.
374 505 463 558 Varro
482 504 514 556 cie
533 505 550 557 l.
571 503 604 556 L.
625 509 650 569 5,
667 507 701 556 73
719 503 807 555 virtus
826 505 858 556 ut
876 503 929 555 viri
947 503 988 556 vis
1008 503 1076 574 [vm

63 576 103 628 ius
121 575 409 646 1⁴⁷tor.viritusScai.]
430 591 446 627 a
464 573 607 627 virilitate.
633 575 667 640 ef.
684 574 738 628 Cic.
753 581 818 629 tnse.
839 579 866 641 2,
881 578 924 629 43.
943 575 976 629 de
993 575 1073 630 eollo·

62 649 161 702 cattam
179 649 214 713 os.
233 648 269 714 fr.
284 652 345 702 427.

63 760 284 879 ΙΙὰΙὉιέἓηουρ,
304 755 395 809 Paris.
420 758 484 806 ml
509 753 669 806 nominatus
694 754 803 807 Bonan.
828 754 931 808 Valent.
937 794 946 820 ,
968 753 1015 807 sed
1038 758 1074 822 et,

78 841 100 879 si
121 868 126 877 .
144 844 155 879 i
205 869 209 878 .

507 1001 623 1055 FALSA

532 1155 597 1212 462

126 1270 284 1330 nebulones
308 1301 350 1310 —
374 1269 471 1327 Varro
495 1269 643 1344 obseuroS,
666 1271 770 1347 ignoto
793 1270 859 1328 looo
883 1273 977 1328 notos.

131 1369 265 1423 Ps-Aero
280 1369 350 1422 Hor.
366 1385 404 1436 ep.
422 1373 446 1433 1,
459 1371 487 1435 2,
502 1372 538 1422 28
556 1382 684 1432 nebulones,
703 1367 808 1434 perditi
826 1366 962 1421 luxuriosi
976 1368 1074 1422 molles

65 1439 313 1578 {nipt;.1}gno-
330 1457 402 1494 natos.
444 1438 479 1503 ef.
506 1440 538 1493 de
567 1439 701 1493 Varronis
727 1440 890 1493 anctoritate
919 1439 1074 1496 Wiimanns

533 1645 597 1701 463

128 1778 188 1836 ego
208 1760 369 1837 insolens
387 1762 496 1835 atquo
514 1758 728 1834 infrequens
747 1759 892 1817 verbum
911 1760 1075 1834 proferro

67 1847 162 1906 velut
182 1851 322 1923 spinam
346 1848 486 1907 calcare
509 1847 640 1906 devito

134 1947 195 2001 Ood.
211 1946 461 2001 Astnrntiamensis
479 1951 517 2001 27
537 1947 595 2017 [XI
605 1946 684 2017 soen]
704 1946 805 2001 Varro:
825 1961 993 2010 ego-eavea.
1011 1949 1076 2004 haee

67 2018 142 2072 initio
167 2020 299 2086 συλλογῆς
317 2019 462 2072 eniasdam
486 2019 684 2072 sententiarum
712 2017 775 2088 leqit
800 2019 995 2085 Reitzenstein,
1028 2022 1077 2088 qni

67 2090 156 2144 collato
175 2090 191 2144 i.
207 2093 235 2156 9,
248 2093 286 2144 20
304 2088 336 2142 de
355 2089 371 2142 i.
392 2090 426 2143 L.
451 2107 482 2143 ea
501 2107 534 2142 en
552 2090 621 2143 tibro
647 2088 765 2156 qaedam
785 2090 918 2144 Varronis
939 2107 1075 2160 aramma-

68 2161 114 2214 tieo
136 2167 224 2215 traeta
247 2177 301 2214 esse
319 2163 433 2215 coniecit
451 2162 504 2228 (M.
523 2161 581 2214 Ter.
598 2160 677 2214 Vorr.
696 2177 723 2214 n.
743 2161 801 2215 Im.
821 2177 874 2214 oon
892 2161 980 2216 Erret.
996 2179 1025 2230 p.
1042 2168 1077 2218 64

69 2231 153 2300 adn.);
171 2238 201 2286 at
221 2232 331 2286 ‘devito'
351 2247 412 2286 enm
431 2233 568 2298 infinitivo
584 2233 717 2286 Varronis
735 2248 863 2287 essenon
879 2239 973 2300 potest,
992 2240 1023 2287 nt
1036 2251 1077 2287 me

69 2303 207 2360 Bincteter
225 2305 340 2369 mannii,
358 2319 406 2356 nee
419 2305 512 2372 placet
530 2301 657 2369 ‘dnbit0’,
676 2305 768 2370 itoqne
786 2304 841 2358 ista
859 2305 930 2359 inter
944 2305 1077 2359 Varronis

68 2376 207 2428 sententias
224 2375 381 2444 recipienda
399 2391 497 2428 censeo.

133 2487 147 2532 2
166 2480 251 2534 velud

211 2802 214 2806 ·
315 2820 317 2824 ·
413 2779 458 2861 L.
492 2774 723 2862 CINCIUS

191 3019 201 3034 .
404 2963 442 3026 A.
466 2961 734 3028 TESTIMONIA

74 3064 172 3120 VITAE
458 3095 460 3099 ·

135 3180 159 3228 1.
183 3175 215 3230 de
236 3177 324 3230 Lneio
347 3177 522 3243 (praenomen
544 3176 587 3229 od.
607 3178 638 3228 in
660 3176 695 3242 fr.
711 3176 757 3244 25)
783 3175 878 3230 Oineio
899 3175 1077 3245 qrammatieo

72 3245 101 3298 ab
121 3249 233 3314 antiano
251 3263 342 3301 rernm
361 3248 489 3315 scriptore
511 3247 676 3316 seinnqendo
698 3247 777 3300 hodie
799 3263 876 3300 nenio
895 3249 952 3300 iam
969 3247 1078 3300 dabitat

72 3316 110 3382 (af.
120 3317 214 3384 Hertz,
228 3319 261 3372 de
276 3319 373 3372 Imeiis
386 3319 495 3373 Oineiis.
510 3318 601 3372 Berol.
612 3321 686 3371 1842
700 3335 730 3386 p.
745 3323 778 3370 61
784 3334 821 3385 sq.
850 3319 937 3383 Peter,
951 3324 999 3371 oet.
1015 3317 1076 3372 nist.

72 3387 142 3442 Rom.
161 3391 218 3444 rell.
236 3407 264 3458 p.
282 3389 440 3459 OIHIsq.);
459 3392 508 3458 qni
528 3395 618 3443 tamen
636 3389 746 3457 qnando
764 3390 875 3454 vixerit,
899 3395 969 3442 certo
991 3389 1078 3442 staini

73 3473 121 3513 non
134 3467 235 3530 potest,
259 3478 319 3515 eum
339 3462 412 3515 alins
431 3478 484 3532 esse
502 3461 629 3515 videatur
647 3467 727 3528 atone
745 3461 835 3514 Attici
850 3466 1021 3528 procurator,
1046 3461 1078 3513 in

72 3545 118 3596 qno
136 3533 363 3588 litteratissimum
381 3531 459 3586 itinn
477 3534 610 3586 hominem
633 3531 716 3585 totins
733 3532 908 3599 antiquitatis
919 3531 1078 3591 studiosum

73 3599 146 3658 tatere
174 3605 281 3658 nnitnm
309 3610 385 3658 eatot
411 3603 546 3657 indiciam
579 3603 644 3671 (on.
669 3603 706 3655 ad
730 3603 787 3656 An.
808 3607 842 3667 1,
857 3606 882 3666 1,
906 3606 929 3654 1.
956 3605 980 3655 7.
1004 3606 1031 3668 8,
1048 3606 1076 3657 2.

74 3676 167 3740 16,17.
183 3679 229 3741 20,
244 3679 268 3728 1.
285 3680 317 3741 7;
331 3679 357 3741 4,
372 3679 423 3742 iffi·
437 3679 462 3741 6,
476 3679 503 3740 2,
519 3678 550 3739 1,·
569 3673 606 3727 aei
623 3671 652 3742 Q.
672 3672 708 3738 fr.
723 3676 750 3738 2,
764 3676 791 3737 2,
806 3674 841 3740 1).
860 3690 944 3741 neque
962 3689 1023 3727 oero
1042 3671 1077 3726 ab

812 3759 863 3813 24*
951 3817 953 3821 ,
