2480 3904
509 191 645 258 Didymus
1019 189 1086 254 449

65 358 161 438 ἥμισυ
191 361 269 419 teste
299 361 390 419 etiam
413 358 556 436 Didymo,
590 361 642 434 qui
669 360 725 417 hoo
751 360 838 434 pom't
868 358 1026 418 ostendens
1054 361 1087 417 in

65 451 153 509 omni
181 451 268 524 parte
300 451 444 509 orationis
475 450 505 507 ελ
535 449 763 508 constructionis
797 448 967 525 analogiam
996 446 1085 508 Grae·
1115 459 1127 500 ό

64 557 172 598 corum
186 541 302 598 secutos
317 557 380 598 esse
390 539 549 613 Romanos,
563 538 640 596 unde
653 541 683 596 et
692 537 861 596 Herodotus
876 537 933 595 inI
947 538 1086 598 historia-

65 647 137 686 rum
158 619 244 708 [50]:
269 622 404 686 ’ἐποιεῖτο
429 623 460 686 δέ
483 624 533 686 καί
556 624 672 697 λέοντος
690 625 790 686 εἰκόνα
813 634 923 705 χρυσοῦ
943 623 1086 703 ἀπέφθου

65 713 215 776 ἕλκουσαν
247 714 382 793 σταθμὸν
413 715 541 775 τάλαντα
578 713 656 775 δέκα.
714 707 802 786 οὗτος
832 710 848 774 δ
878 713 962 792 λέων,
995 713 1087 775 ἐπείτε

64 804 235 865 κατεκαίετο
264 803 280 865 ὅ
308 802 340 864 ἐν
363 809 505 881 Δελφοῖσι
535 803 621 880 ναός,
653 802 809 864 κατέπεσεν
838 801 897 863 άπὸ
927 811 986 864 τῶν
1016 800 1085 882 ἡμι·

65 893 222 954 πλινθίων
249 886 312 975 (ἐπὶ
334 891 389 973 χάρ
412 893 526 965 τούτοις
549 886 674 972 ἵδρυτο),
703 891 751 953 καὶ
781 902 839 953 νῦν
865 898 958 952 κεῖται
985 890 1018 953 έν
1046 898 1085 972 τῷ
1101 906 1127 945 1⁰

65 982 246 1058 Κορινθίων
269 987 425 1066 θησαυρῷ,
448 980 540 1042 έλκων
559 981 696 1060 σταθμὸν
719 980 847 1061 ἕβδομον
868 977 1086 1059 ἡμιτάλαντον’.

67 1070 151 1132 ἲδοὺ
186 1069 268 1131 όλον
300 1070 409 1132 εἰπὼν
445 1071 528 1132 δέκα
559 1071 740 1132 ταλάντων
777 1077 995 1151 γεγενῆσθαι
1027 1069 1087 1130 τὸν

67 1159 210 1237 λέοντα,
232 1147 322 1244 κᾷτα
339 1159 432 1240 λέχει
450 1159 543 1240 έχειν
561 1159 717 1240 ἕβδομον
736 1157 986 1239 ἡμιτάλαντον,
1007 1181 1086 1220 του·

67 1247 188 1309 τέστιν
206 1249 243 1322 εἐξ
267 1249 376 1328 ἥμισυ
399 1249 558 1309 τάλαντα.
598 1315 602 1323 ,

142 1359 402 1424 Prac.111408,1
426 1373 538 1412 uentorum
551 1391 578 1398 -
591 1372 676 1423 aarum,
704 1358 739 1411 de
762 1375 818 1425 quo
842 1357 990 1410 Arruntius
1016 1356 1086 1411 haec

69 1429 123 1482 aia:
150 1429 311 1482 ‘sestertius
335 1428 402 1483 olim
425 1429 584 1498 dupondius
608 1432 637 1482 et
659 1428 742 1483 semis
765 1428 847 1498 quasi
870 1428 954 1481 semis
977 1428 1086 1495 turbina,

68 1517 125 1568 quo
144 1501 271 1569 tempore
292 1500 422 1554 denarius
446 1500 569 1554 decussis
593 1501 725 1566 valebah’,
744 1516 786 1554 hoc
801 1518 834 1554 εκ
847 1532 874 1539 -
887 1507 996 1549 τάλαντα.
1025 1516 1087 1568 uep-

68 1572 172 1625 timum
195 1571 404 1625 semitalentum
427 1571 499 1625 dixia
521 1589 572 1642 pro
592 1590 640 1625 sex
662 1572 745 1626 semis
767 1570 877 1625 talenta
896 1569 1087 1642 [semitalenta

68 1643 161 1698 00de
179 1660 227 1697 em.
248 1643 380 1714 Vbnetua}

142 1765 158 1811 2
174 1758 244 1812 duos
259 1761 316 1827 (em.
332 1759 386 1812 duo
398 1759 426 1814 R
435 1785 468 1804 =
479 1761 571 1814 Paria.
583 1761 664 1828 7496)
680 1759 708 1814 R
717 1759 825 1814 Αωίεκ.
841 1759 898 1812 dua
909 1760 1002 1812 Puris.
1014 1761 1087 1813 7530

70 1835 103 1882 12
122 1829 547 1884 ΕΙΔΟΙΛωΝΕΥΠωΝΔΕΚΑ
566 1831 673 1886 Amica.
700 1828 1087 1884 ΕΙδΟΥΑωΝΙΠωΝδΕΚΑ

69 1902 245 1973 ωηο-τοι.

533 2037 551 2093 ⁵
576 2028 624 2114 [⁵]

130 2154 250 2230 Ἴωνες
277 2157 336 2218 καὶ
362 2151 511 2219 ’Λττικοὶ
534 2156 572 2218 τὰ
596 2157 660 2218 δόυ
688 2158 798 2236 ἥμισυ
826 2157 936 2236 ἥμισυ
964 2157 1085 2236 τρίτον

70 2248 194 2326 φασίν,
217 2245 276 2307 καὶ
301 2245 337 2307 τά
354 2248 392 2320 ἳξ
416 2247 525 2326 ἥμισυ
543 2247 696 2306 τάλαντα
719 2245 875 2326 ἕβδομον
894 2243 1085 2324 ἡμιτάλαν-

71 2360 132 2397 τον
150 2334 210 2395 καὶ
224 2335 306 2409 τοὺς
320 2334 491 2418 τέσσαρας
508 2335 619 2414 ἥμισυ
632 2336 757 2414 πήχεις
775 2333 939 2414 πέμπτην
953 2340 1085 2394 σπιθα-

71 2425 150 2503 μήν,
169 2425 331 2504 καθάπερ
351 2424 462 2503 φησὶν
477 2418 665 2505 Ἡρόδοτος
686 2420 829 2506 [2,106].
858 2445 873 2480 ι
894 2443 909 2479 ε
933 2423 1085 2504 προθεὶς

70 2513 106 2574 τὸ
133 2509 241 2594 [PLG
263 2514 373 2574 Archia
395 2508 601 2594 10413er9k4]
627 2510 679 2575 ‘zv
703 2511 738 2573 δέ
761 2508 1025 2590 Βατουσιάδης’
1049 2511 1085 2573 έν
1113 2532 1125 2573 τ

70 2609 114 2687 τῷ
134 2601 213 2681 περὶ
236 2612 412 2682 μουσικῆς
430 2601 591 2684 ἐπιφέρει
615 2599 750 2684 ’τρίτον
771 2597 983 2681 ἡμιπόδιον’
1006 2600 1085 2662 ἀντὶ

70 2700 132 2752 τοῦ
152 2692 215 2763 δύο
234 2692 342 2770 ἥμισυ
362 2692 476 2764 πόδες.
513 2690 568 2752 καὶ
590 2691 764 2771 καθόλου,
784 2693 868 2753 όταν
885 2691 1085 2770 βούλωνται

71 2779 230 2861 όιριθμόν
258 2804 336 2841 τινα
364 2781 497 2859 δηλοῦν
524 2780 582 2841 καλ
610 2780 737 2862 μόριόν
761 2805 792 2840 τι
815 2781 1085 2861 προσκείμενον,

71 2869 107 2930 τὸ
141 2867 332 2948 ὁμώνυμον
364 2879 425 2930 τοῦ
457 2869 616 2949 όιριθμοῦ
648 2868 702 2931 όιεέ
733 2879 794 2930 τοῦ
826 2869 1085 2941 πλεονάζοντος

72 2958 240 3038 λαβόντες
263 2960 299 3020 τὸ
323 2959 406 3020 όλον
431 2960 551 3036 φασίν,
577 2953 655 3019 οἷον
678 2958 717 3018 τὰ
736 2960 772 3032 ’ἐξ
797 2958 906 3037 ἥμισυ
929 2956 1084 3037 ἕβδομον
1100 2979 1125 3018 ιο

71 3047 181 3126 ἥμισύ
197 3065 317 3127 φασιν,
335 3057 397 3110 τοῦ
411 3047 495 3108 έπτδι
514 3046 680 3127 ἕβδομον,
699 3044 736 3120 ὃς
752 3047 882 3126 μονάδι
900 3047 1085 3119 πλεονάζει

72 3147 133 3198 τοῦ
168 3135 216 3214 έξ,
252 3137 288 3198 τὸ
322 3133 513 3215 ὁμώνυμον
544 3137 722 3216 λαβόντες.
767 3135 827 3196 καλ
855 3133 1016 3214 Ῥωμαῖοι
1048 3132 1085 3196 δέ

71 3225 333 3306 εὑρεθήσονται
356 3227 470 3311 τούτῳ
493 3226 667 3306 χρώμενοι
690 3232 734 3310 τῷ
758 3224 915 3304 σχήματι.
956 3224 996 3283 τὰ
1020 3223 1084 3305 γάρ

73 3315 135 3376 δόο
155 3315 263 3394 ἥμισυ
287 3313 453 3396 άσσάρια,
475 3315 562 3393 άπερ
585 3309 627 3395 ἦν
646 3313 797 3395 τέσσαρα
821 3323 883 3375 τοῦ
908 3314 1084 3394 δηναρίου

72 3399 171 3485 (δέκα
193 3403 257 3485 γάρ
281 3401 437 3483 ἠδύνατο
465 3402 616 3486 ἀσσάρια
640 3404 675 3465 τὸ
700 3404 884 3482 δηνάριον,
914 3400 959 3475 ὡς
982 3400 1124 3462 αόνολιο

72 3491 238 3574 λέγουσιν
265 3494 433 3553 denarius
461 3491 554 3572 παρὰ
579 3494 615 3554 τὸ
639 3495 729 3572 δίχνα
757 3489 1084 3572 ἐσχηματισμένος),

73 3580 309 3664 σηστέρτιοόμ
328 3600 448 3659 φασιν,
466 3592 528 3644 τοῦ
547 3579 609 3661 μέν
629 3601 670 3661 ση
689 3581 725 3643 τὸ
742 3581 853 3661 ἥμισυ
873 3582 1084 3659 δηλοῦντος,

124 3692 291 3735 flammaticus
304 3694 420 3734 Romanae
434 3694 563 3742 fragmenta
580 3692 615 3732 ed.
629 3693 752 3732 Fuuuom
837 3687 870 3734 29
