<?xml version="1.0" encoding="UTF-8"?>
<!DOCTYPE html PUBLIC "-//W3C//DTD XHTML 1.0 Transitional//EN"
    "http://www.w3.org/TR/xhtml1/DTD/xhtml1-transitional.dtd">
<html xmlns="http://www.w3.org/1999/xhtml" xml:lang="en" lang="en">
 <head>
  <title>
</title>
<meta http-equiv="Content-Type" content="text/html;charset=utf-8" />
  <meta name='ocr-system' content='tesseract 3.04.00' />
  <meta name='ocr-capabilities' content='ocr_page ocr_carea ocr_par ocr_line ocrx_word'/>
</head>
<body>
  <div class='ocr_page' id='page_1' title='image "./grammaticaeroma00funagoog_0361.png"; bbox 0 0 2442 3902; ppageno 0'>
   <div class='ocr_carea' id='block_1_1' title="bbox 407 208 1067 277">
    <p class='ocr_par' dir='ltr' id='par_1_1' title="bbox 407 208 1067 277">
     <span class='ocr_line' id='line_1_1' title="bbox 407 208 1067 277; baseline 0.014 -9"><span class='ocrx_word' id='word_1_1' title='bbox 407 210 445 268; x_wconf 87' lang='lat' dir='ltr'><strong>M.</strong></span> <span class='ocrx_word' id='word_1_2' title='bbox 464 210 611 270; x_wconf 78' lang='lat' dir='ltr'>Terentius</span> <span class='ocrx_word' id='word_1_3' title='bbox 629 208 718 266; x_wconf 86' lang='lat' dir='ltr'><strong>Varro</strong></span> <span class='ocrx_word' id='word_1_4' title='bbox 1004 209 1067 277; x_wconf 75' lang='lat'><strong>321</strong></span> 
     </span>
    </p>
   </div>
   <div class='ocr_carea' id='block_1_2' title="bbox 39 381 1109 913">
    <p class='ocr_par' dir='ltr' id='par_1_2' title="bbox 39 381 1109 913">
     <span class='ocr_line' id='line_1_2' title="bbox 39 381 1070 458; baseline 0.001 -17"><span class='ocrx_word' id='word_1_5' title='bbox 39 381 171 458; x_wconf 82' lang='lat' dir='ltr'><strong>Attica,</strong></span> <span class='ocrx_word' id='word_1_6' title='bbox 202 387 237 443; x_wconf 93' lang='lat' dir='ltr'><strong>ut</strong></span> <span class='ocrx_word' id='word_1_7' title='bbox 266 384 310 443; x_wconf 90' lang='lat' dir='ltr'><strong>ait</strong></span> <span class='ocrx_word' id='word_1_8' title='bbox 332 385 443 458; x_wconf 89' lang='lat' dir='ltr'><strong>Varro,</strong></span> <span class='ocrx_word' id='word_1_9' title='bbox 475 385 586 442; x_wconf 87' lang='lat' dir='ltr'><strong>circum</strong></span> <span class='ocrx_word' id='word_1_10' title='bbox 615 384 696 442; x_wconf 84' lang='lat' dir='ltr'><strong>vicos</strong></span> <span class='ocrx_word' id='word_1_11' title='bbox 724 382 767 441; x_wconf 90' lang='lat' dir='ltr'><strong>ire</strong></span> <span class='ocrx_word' id='word_1_12' title='bbox 795 383 885 442; x_wconf 88' lang='lat' dir='ltr'><strong>solita</strong></span> <span class='ocrx_word' id='word_1_13' title='bbox 913 383 1012 442; x_wconf 81' lang='lat' dir='ltr'><strong>fuerat</strong></span> <span class='ocrx_word' id='word_1_14' title='bbox 1039 385 1070 442; x_wconf 89' lang='lat' dir='ltr'><strong>et</strong></span> 
     </span>
     <span class='ocr_line' id='line_1_3' title="bbox 40 471 1070 552; baseline -0.002 -20"><span class='ocrx_word' id='word_1_15' title='bbox 40 476 194 548; x_wconf 72' lang='lat' dir='ltr'><strong>quaestus</strong></span> <span class='ocrx_word' id='word_1_16' title='bbox 218 474 265 532; x_wconf 91' lang='lat' dir='ltr'><strong>sui</strong></span> <span class='ocrx_word' id='word_1_17' title='bbox 288 491 379 532; x_wconf 93' lang='lat' dir='ltr'><strong>causa</strong></span> <span class='ocrx_word' id='word_1_18' title='bbox 401 474 457 532; x_wconf 90' lang='lat' dir='ltr'><strong>hoc</strong></span> <span class='ocrx_word' id='word_1_19' title='bbox 480 491 571 552; x_wconf 80' lang='lat' dir='ltr'><strong>genus</strong></span> <span class='ocrx_word' id='word_1_20' title='bbox 595 473 735 531; x_wconf 81' lang='lat' dir='ltr'><strong>carminis</strong></span> <span class='ocrx_word' id='word_1_21' title='bbox 761 471 990 547; x_wconf 73' lang='lat' dir='ltr'><strong>pronuntiabat,</strong></span> <span class='ocrx_word' id='word_1_22' title='bbox 1017 474 1070 531; x_wconf 89' lang='lat' dir='ltr'><strong>aut</strong></span> 
     </span>
     <span class='ocr_line' id='line_1_4' title="bbox 40 561 1109 639; baseline 0 -18"><span class='ocrx_word' id='word_1_23' title='bbox 40 566 132 621; x_wconf 86' lang='lat' dir='ltr'><strong>certe</strong></span> <span class='ocrx_word' id='word_1_24' title='bbox 147 581 167 620; x_wconf 92' lang='lat' dir='ltr'><strong>a</strong></span> <span class='ocrx_word' id='word_1_25' title='bbox 179 561 257 622; x_wconf 90' lang='lat' dir='ltr'><strong>ludis</strong></span> <span class='ocrx_word' id='word_1_26' title='bbox 272 562 464 637; x_wconf 71' lang='lat' dir='ltr'><strong>vicinalibus,</strong></span> <span class='ocrx_word' id='word_1_27' title='bbox 482 581 553 620; x_wconf 88' lang='lat' dir='ltr'><strong>nam</strong></span> <span class='ocrx_word' id='word_1_28' title='bbox 566 564 670 638; x_wconf 88' lang='lat' dir='ltr'><strong>postea</strong></span> <span class='ocrx_word' id='word_1_29' title='bbox 684 579 773 637; x_wconf 91' lang='lat' dir='ltr'><strong>quam</strong></span> <span class='ocrx_word' id='word_1_30' title='bbox 789 579 824 620; x_wconf 85' lang='lat' dir='ltr'><strong>ex</strong></span> <span class='ocrx_word' id='word_1_31' title='bbox 841 561 921 639; x_wconf 81' lang='lat' dir='ltr'><strong>agris</strong></span> <span class='ocrx_word' id='word_1_32' title='bbox 935 561 1069 620; x_wconf 81' lang='lat' dir='ltr'><strong>Athenas</strong></span> <span class='ocrx_word' id='word_1_33' title='bbox 1097 581 1109 621; x_wconf 85' lang='lat' dir='ltr'><strong>s</strong></span> 
     </span>
     <span class='ocr_line' id='line_1_5' title="bbox 40 649 1070 730; baseline 0 -20"><span class='ocrx_word' id='word_1_34' title='bbox 40 653 282 730; x_wconf 77' lang='lat' dir='ltr'><strong>commigratum</strong></span> <span class='ocrx_word' id='word_1_35' title='bbox 310 656 356 711; x_wconf 88' lang='lat' dir='ltr'><strong>est</strong></span> <span class='ocrx_word' id='word_1_36' title='bbox 382 655 413 711; x_wconf 89' lang='lat' dir='ltr'><strong>et</strong></span> <span class='ocrx_word' id='word_1_37' title='bbox 438 653 471 710; x_wconf 91' lang='lat' dir='ltr'><strong>hi</strong></span> <span class='ocrx_word' id='word_1_38' title='bbox 497 651 561 710; x_wconf 91' lang='lat' dir='ltr'><strong>ludi</strong></span> <span class='ocrx_word' id='word_1_39' title='bbox 588 652 723 710; x_wconf 87' lang='lat' dir='ltr'><strong>instituti</strong></span> <span class='ocrx_word' id='word_1_40' title='bbox 750 653 828 726; x_wconf 88' lang='lat' dir='ltr'><strong>sunt,</strong></span> <span class='ocrx_word' id='word_1_41' title='bbox 858 649 935 710; x_wconf 85' lang='lat' dir='ltr'><strong>sicut</strong></span> <span class='ocrx_word' id='word_1_42' title='bbox 957 649 1070 710; x_wconf 86' lang='lat' dir='ltr'><strong>Romae</strong></span> 
     </span>
     <span class='ocr_line' id='line_1_6' title="bbox 40 737 1070 823; baseline 0 -25"><span class='ocrx_word' id='word_1_43' title='bbox 40 741 253 818; x_wconf 74' lang='lat' dir='ltr'><strong>compitalicii,</strong></span> <span class='ocrx_word' id='word_1_44' title='bbox 283 742 322 800; x_wconf 88' lang='lat' dir='ltr'><strong>ad</strong></span> <span class='ocrx_word' id='word_1_45' title='bbox 349 740 514 800; x_wconf 90' lang='lat' dir='ltr'><strong>canendum</strong></span> <span class='ocrx_word' id='word_1_46' title='bbox 541 740 702 816; x_wconf 78' lang='lat' dir='ltr'><strong>prodibant</strong></span> <span class='ocrx_word' id='word_1_47' title='bbox 725 742 755 799; x_wconf 91' lang='lat' dir='ltr'><strong>et</strong></span> <span class='ocrx_word' id='word_1_48' title='bbox 782 740 820 798; x_wconf 86' lang='lat' dir='ltr'><strong>ab</strong></span> <span class='ocrx_word' id='word_1_49' title='bbox 842 739 957 799; x_wconf 88' lang='lat' dir='ltr'><strong>urbana</strong></span> <span class='ocrx_word' id='word_1_50' title='bbox 984 737 1070 823; x_wconf 76' lang='grc' dir='ltr'><strong><em>κώμῃ</em></strong></span> 
     </span>
     <span class='ocr_line' id='line_1_7' title="bbox 41 822 1071 913; baseline -0.002 -25"><span class='ocrx_word' id='word_1_51' title='bbox 41 827 100 889; x_wconf 72' lang='grc' dir='ltr'><strong>καὶ</strong></span> <span class='ocrx_word' id='word_1_52' title='bbox 124 822 186 913; x_wconf 77' lang='grc' dir='ltr'><strong>ᾠδῇ</strong></span> <span class='ocrx_word' id='word_1_53' title='bbox 210 830 363 890; x_wconf 87' lang='lat' dir='ltr'><strong>comoedia</strong></span> <span class='ocrx_word' id='word_1_54' title='bbox 382 831 462 890; x_wconf 89' lang='lat' dir='ltr'><strong>dicta</strong></span> <span class='ocrx_word' id='word_1_55' title='bbox 486 831 543 905; x_wconf 82' lang='lat' dir='ltr'><strong>est3</strong></span> <span class='ocrx_word' id='word_1_56' title='bbox 566 830 614 890; x_wconf 84' lang='lat' dir='ltr'><strong>vel</strong></span> <span class='ocrx_word' id='word_1_57' title='bbox 633 829 712 905; x_wconf 92' lang='lat' dir='ltr'><strong>quod</strong></span> <span class='ocrx_word' id='word_1_58' title='bbox 734 830 767 887; x_wconf 91' lang='lat' dir='ltr'><strong>in</strong></span> <span class='ocrx_word' id='word_1_59' title='bbox 791 847 825 886; x_wconf 90' lang='lat' dir='ltr'><strong>ea</strong></span> <span class='ocrx_word' id='word_1_60' title='bbox 846 829 1015 889; x_wconf 86' lang='lat' dir='ltr'><strong>viculorum</strong></span> <span class='ocrx_word' id='word_1_61' title='bbox 1039 828 1071 886; x_wconf 90' lang='lat' dir='ltr'><strong>id</strong></span> 
     </span>
    </p>
   </div>
   <div class='ocr_carea' id='block_1_3' title="bbox 41 917 1110 1264">
    <p class='ocr_par' dir='ltr' id='par_1_3' title="bbox 41 917 1110 1264">
     <span class='ocr_line' id='line_1_8' title="bbox 42 917 1070 995; baseline -0.001 -18"><span class='ocrx_word' id='word_1_62' title='bbox 42 923 98 978; x_wconf 90' lang='lat' dir='ltr'><strong>est</strong></span> <span class='ocrx_word' id='word_1_63' title='bbox 127 919 287 979; x_wconf 87' lang='lat' dir='ltr'><strong>humilium</strong></span> <span class='ocrx_word' id='word_1_64' title='bbox 318 919 458 980; x_wconf 89' lang='lat' dir='ltr'><strong>domuum</strong></span> <span class='ocrx_word' id='word_1_65' title='bbox 488 919 627 979; x_wconf 86' lang='lat' dir='ltr'><strong>fortunae</strong></span> <span class='ocrx_word' id='word_1_66' title='bbox 657 917 979 995; x_wconf 88' lang='lat' dir='ltr'><strong>conprehendebantur,</strong></span> <span class='ocrx_word' id='word_1_67' title='bbox 1010 935 1070 977; x_wconf 89' lang='lat' dir='ltr'><strong>non</strong></span> 
     </span>
     <span class='ocr_line' id='line_1_9' title="bbox 41 1005 1110 1088; baseline 0.006 -22"><span class='ocrx_word' id='word_1_68' title='bbox 41 1011 84 1068; x_wconf 92' lang='lat' dir='ltr'><strong>ut</strong></span> <span class='ocrx_word' id='word_1_69' title='bbox 116 1010 150 1066; x_wconf 92' lang='lat' dir='ltr'><strong>in</strong></span> <span class='ocrx_word' id='word_1_70' title='bbox 179 1009 336 1088; x_wconf 80' lang='lat' dir='ltr'><strong>tragoedia</strong></span> <span class='ocrx_word' id='word_1_71' title='bbox 366 1009 555 1085; x_wconf 88' lang='lat' dir='ltr'><strong>publicarum</strong></span> <span class='ocrx_word' id='word_1_72' title='bbox 586 1007 811 1086; x_wconf 76' lang='lat' dir='ltr'><strong>regiarumque3</strong></span> <span class='ocrx_word' id='word_1_73' title='bbox 847 1007 895 1068; x_wconf 85' lang='lat' dir='ltr'><strong>vel</strong></span> <span class='ocrx_word' id='word_1_74' title='bbox 926 1005 985 1068; x_wconf 75' lang='grc' dir='ltr'><strong>ἀπὸ</strong></span> <span class='ocrx_word' id='word_1_75' title='bbox 1018 1015 1070 1068; x_wconf 82' lang='grc' dir='ltr'><strong>τοῦ</strong></span> <span class='ocrx_word' id='word_1_76' title='bbox 1085 1033 1110 1073; x_wconf 84' lang='lat' dir='ltr'><strong>so</strong></span> 
     </span>
     <span class='ocr_line' id='line_1_10' title="bbox 41 1097 1070 1174; baseline 0 -18"><span class='ocrx_word' id='word_1_77' title='bbox 41 1097 156 1174; x_wconf 77' lang='grc' dir='ltr'><strong>κώμου</strong></span> <span class='ocrx_word' id='word_1_78' title='bbox 178 1097 210 1156; x_wconf 91' lang='lat' dir='ltr'><strong>id</strong></span> <span class='ocrx_word' id='word_1_79' title='bbox 233 1101 279 1158; x_wconf 90' lang='lat' dir='ltr'><strong>est</strong></span> <span class='ocrx_word' id='word_1_80' title='bbox 301 1098 503 1173; x_wconf 86' lang='lat' dir='ltr'><strong>comisatione,</strong></span> <span class='ocrx_word' id='word_1_81' title='bbox 527 1098 599 1174; x_wconf 87' lang='lat' dir='ltr'><strong>quia</strong></span> <span class='ocrx_word' id='word_1_82' title='bbox 622 1098 694 1156; x_wconf 89' lang='lat' dir='ltr'><strong>olim</strong></span> <span class='ocrx_word' id='word_1_83' title='bbox 716 1100 749 1156; x_wconf 88' lang='lat' dir='ltr'><strong>in</strong></span> <span class='ocrx_word' id='word_1_84' title='bbox 771 1099 834 1157; x_wconf 89' lang='lat' dir='ltr'><strong>eius</strong></span> <span class='ocrx_word' id='word_1_85' title='bbox 853 1097 936 1156; x_wconf 91' lang='lat' dir='ltr'><strong>modi</strong></span> <span class='ocrx_word' id='word_1_86' title='bbox 958 1097 1070 1156; x_wconf 87' lang='lat' dir='ltr'><strong>fabulis</strong></span> 
     </span>
     <span class='ocr_line' id='line_1_11' title="bbox 44 1188 716 1264; baseline 0.003 -18"><span class='ocrx_word' id='word_1_87' title='bbox 44 1189 221 1247; x_wconf 84' lang='lat' dir='ltr'><strong>amantium</strong></span> <span class='ocrx_word' id='word_1_88' title='bbox 244 1189 386 1248; x_wconf 85' lang='lat' dir='ltr'><strong>iuvenum</strong></span> <span class='ocrx_word' id='word_1_89' title='bbox 408 1196 502 1264; x_wconf 81' lang='grc' dir='ltr'><strong><em>κῶμοι</em></strong></span> <span class='ocrx_word' id='word_1_90' title='bbox 525 1188 716 1248; x_wconf 89' lang='lat' dir='ltr'><strong>canebantur.</strong></span> 
     </span>
    </p>
   </div>
   <div class='ocr_carea' id='block_1_4' title="bbox 45 1320 1097 3680">
    <p class='ocr_par' dir='ltr' id='par_1_4' title="bbox 45 1320 1097 3680">
     <span class='ocr_line' id='line_1_12' title="bbox 124 1320 1071 1392; baseline -0.002 -16"><span class='ocrx_word' id='word_1_91' title='bbox 124 1323 219 1377; x_wconf 80' lang='lat' dir='ltr'><strong>Diem.</strong></span> <span class='ocrx_word' id='word_1_92' title='bbox 233 1340 265 1392; x_wconf 83' lang='lat' dir='ltr'><strong>p.</strong></span> <span class='ocrx_word' id='word_1_93' title='bbox 279 1326 375 1388; x_wconf 81' lang='grc'><em>488,3</em></span> <span class='ocrx_word' id='word_1_94' title='bbox 394 1322 539 1377; x_wconf 88' lang='lat' dir='ltr'><strong>comoedia</strong></span> <span class='ocrx_word' id='word_1_95' title='bbox 557 1324 601 1376; x_wconf 90' lang='lat' dir='ltr'><strong>est</strong></span> <span class='ocrx_word' id='word_1_96' title='bbox 623 1321 750 1390; x_wconf 82' lang='lat' dir='ltr'><strong>privatae</strong></span> <span class='ocrx_word' id='word_1_97' title='bbox 773 1320 918 1390; x_wconf 82' lang='lat' dir='ltr'><strong>civilisque</strong></span> <span class='ocrx_word' id='word_1_98' title='bbox 941 1320 1071 1376; x_wconf 83' lang='lat' dir='ltr'><strong>fortunae</strong></span> 
     </span>
     <span class='ocr_line' id='line_1_13' title="bbox 45 1391 1069 1466; baseline 0.001 -21"><span class='ocrx_word' id='word_1_99' title='bbox 45 1394 113 1446; x_wconf 85' lang='lat' dir='ltr'><strong>sine</strong></span> <span class='ocrx_word' id='word_1_100' title='bbox 132 1393 259 1462; x_wconf 85' lang='lat' dir='ltr'><strong>periculo</strong></span> <span class='ocrx_word' id='word_1_101' title='bbox 279 1393 377 1466; x_wconf 84' lang='lat' dir='ltr'><strong>[vitae]</strong></span> <span class='ocrx_word' id='word_1_102' title='bbox 396 1393 610 1463; x_wconf 81' lang='lat' dir='ltr'><strong>conprehensio,</strong></span> <span class='ocrx_word' id='word_1_103' title='bbox 634 1393 711 1462; x_wconf 89' lang='lat' dir='ltr'><strong>apud</strong></span> <span class='ocrx_word' id='word_1_104' title='bbox 735 1391 855 1448; x_wconf 88' lang='lat' dir='ltr'><strong>Graecos</strong></span> <span class='ocrx_word' id='word_1_105' title='bbox 877 1393 920 1447; x_wconf 87' lang='lat' dir='ltr'><strong>ita</strong></span> <span class='ocrx_word' id='word_1_106' title='bbox 942 1392 1069 1447; x_wconf 86' lang='lat' dir='ltr'><strong>delinita:</strong></span> 
     </span>
     <span class='ocr_line' id='line_1_14' title="bbox 48 1463 1071 1537; baseline 0 -19"><span class='ocrx_word' id='word_1_107' title='bbox 48 1463 199 1537; x_wconf 71' lang='lat' dir='ltr'><strong>‘xoprpdtor</strong></span> <span class='ocrx_word' id='word_1_108' title='bbox 214 1465 289 1522; x_wconf 76' lang='grc' dir='ltr'><strong><em>ἐστὶν</em></strong></span> <span class='ocrx_word' id='word_1_109' title='bbox 304 1467 452 1520; x_wconf 78' lang='grc' dir='ltr'><strong><em>ἰδιωτικῶν</em></strong></span> <span class='ocrx_word' id='word_1_110' title='bbox 465 1464 637 1536; x_wconf 74' lang='grc' dir='ltr'><strong><em>πραγμάτων</em></strong></span> <span class='ocrx_word' id='word_1_111' title='bbox 651 1463 803 1526; x_wconf 75' lang='grc' dir='ltr'><strong><em>ἀκίνδυνος</em></strong></span> <span class='ocrx_word' id='word_1_112' title='bbox 816 1464 953 1536; x_wconf 74' lang='grc' dir='ltr'><strong><em>περιοχή’.</em></strong></span> <span class='ocrx_word' id='word_1_113' title='bbox 985 1490 1071 1518; x_wconf 70' lang='lat' dir='ltr'><strong>comos</strong></span> 
     </span>
     <span class='ocr_line' id='line_1_15' title="bbox 46 1535 1071 1606; baseline 0 -16"><span class='ocrx_word' id='word_1_114' title='bbox 46 1551 91 1590; x_wconf 70' lang='lat' dir='ltr'><strong>ss·</strong></span> <span class='ocrx_word' id='word_1_115' title='bbox 106 1569 141 1578; x_wconf 88' lang='lat'><em>-</em></span> <span class='ocrx_word' id='word_1_116' title='bbox 155 1553 300 1594; x_wconf 71' lang='lat' dir='ltr'><strong>emebantur,</strong></span> <span class='ocrx_word' id='word_1_117' title='bbox 328 1537 508 1592; x_wconf 86' lang='lat' dir='ltr'><strong>comoedias</strong></span> <span class='ocrx_word' id='word_1_118' title='bbox 527 1536 676 1606; x_wconf 85' lang='lat' dir='ltr'><strong>tragoedia</strong></span> <span class='ocrx_word' id='word_1_119' title='bbox 695 1536 797 1604; x_wconf 86' lang='lat' dir='ltr'><strong>differt,</strong></span> <span class='ocrx_word' id='word_1_120' title='bbox 817 1535 941 1605; x_wconf 87' lang='lat' dir='ltr'><strong>quadiu</strong></span> <span class='ocrx_word' id='word_1_121' title='bbox 960 1538 1071 1606; x_wconf 83' lang='lat' dir='ltr'><strong>tragoe-</strong></span> 
     </span>
     <span class='ocr_line' id='line_1_16' title="bbox 47 1607 1072 1678; baseline 0 -17"><span class='ocrx_word' id='word_1_122' title='bbox 47 1608 101 1661; x_wconf 86' lang='lat' dir='ltr'><strong>dia</strong></span> <span class='ocrx_word' id='word_1_123' title='bbox 123 1607 343 1663; x_wconf 87' lang='lat' dir='ltr'><strong>introducuntur</strong></span> <span class='ocrx_word' id='word_1_124' title='bbox 368 1609 466 1663; x_wconf 90' lang='lat' dir='ltr'><strong>heroes</strong></span> <span class='ocrx_word' id='word_1_125' title='bbox 494 1608 578 1662; x_wconf 86' lang='lat' dir='ltr'><strong>duces</strong></span> <span class='ocrx_word' id='word_1_126' title='bbox 606 1624 700 1678; x_wconf 84' lang='lat' dir='ltr'><strong>reges,</strong></span> <span class='ocrx_word' id='word_1_127' title='bbox 729 1608 758 1660; x_wconf 90' lang='lat' dir='ltr'><strong>in</strong></span> <span class='ocrx_word' id='word_1_128' title='bbox 782 1608 926 1663; x_wconf 88' lang='lat' dir='ltr'><strong>comoedia</strong></span> <span class='ocrx_word' id='word_1_129' title='bbox 949 1607 1072 1662; x_wconf 83' lang='lat' dir='ltr'><strong>humiles</strong></span> 
     </span>
     <span class='ocr_line' id='line_1_17' title="bbox 48 1679 1097 1752; baseline -0.002 -18"><span class='ocrx_word' id='word_1_130' title='bbox 48 1681 139 1747; x_wconf 86' lang='lat' dir='ltr'><strong>atque</strong></span> <span class='ocrx_word' id='word_1_131' title='bbox 159 1680 288 1748; x_wconf 82' lang='lat' dir='ltr'><strong>privatas</strong></span> <span class='ocrx_word' id='word_1_132' title='bbox 307 1679 495 1752; x_wconf 78' lang='lat' dir='ltr'><strong>(personas),</strong></span> <span class='ocrx_word' id='word_1_133' title='bbox 514 1679 543 1732; x_wconf 92' lang='lat' dir='ltr'><strong>in</strong></span> <span class='ocrx_word' id='word_1_134' title='bbox 563 1679 613 1733; x_wconf 89' lang='lat' dir='ltr'><strong>illa</strong></span> <span class='ocrx_word' id='word_1_135' title='bbox 627 1679 720 1734; x_wconf 90' lang='lat' dir='ltr'><strong>luctus</strong></span> <span class='ocrx_word' id='word_1_136' title='bbox 740 1679 825 1732; x_wconf 86' lang='lat' dir='ltr'><strong>exilia</strong></span> <span class='ocrx_word' id='word_1_137' title='bbox 843 1679 951 1747; x_wconf 87' lang='lat' dir='ltr'><strong>caedes,</strong></span> <span class='ocrx_word' id='word_1_138' title='bbox 969 1679 999 1732; x_wconf 92' lang='lat' dir='ltr'><strong>in</strong></span> <span class='ocrx_word' id='word_1_139' title='bbox 1018 1680 1071 1733; x_wconf 89' lang='lat' dir='ltr'><strong>hac</strong></span> <span class='ocrx_word' id='word_1_140' title='bbox 1095 1705 1097 1712; x_wconf 60' lang='lat'><strong>.</strong></span> 
     </span>
     <span class='ocr_line' id='line_1_18' title="bbox 48 1751 1072 1822; baseline 0 -18"><span class='ocrx_word' id='word_1_141' title='bbox 48 1767 174 1818; x_wconf 85' lang='lat' dir='ltr'><strong>amores,</strong></span> <span class='ocrx_word' id='word_1_142' title='bbox 202 1752 343 1822; x_wconf 82' lang='lat' dir='ltr'><strong>virginum</strong></span> <span class='ocrx_word' id='word_1_143' title='bbox 365 1755 476 1820; x_wconf 76' lang='lat' dir='ltr'><strong>raptus3</strong></span> <span class='ocrx_word' id='word_1_144' title='bbox 505 1751 606 1805; x_wconf 89' lang='lat' dir='ltr'><strong>deinde</strong></span> <span class='ocrx_word' id='word_1_145' title='bbox 630 1752 705 1819; x_wconf 92' lang='lat' dir='ltr'><strong>quod</strong></span> <span class='ocrx_word' id='word_1_146' title='bbox 728 1751 758 1803; x_wconf 92' lang='lat' dir='ltr'><strong>in</strong></span> <span class='ocrx_word' id='word_1_147' title='bbox 781 1751 832 1805; x_wconf 86' lang='lat' dir='ltr'><strong>illa</strong></span> <span class='ocrx_word' id='word_1_148' title='bbox 855 1751 1016 1819; x_wconf 84' lang='lat' dir='ltr'><strong>frequenter</strong></span> <span class='ocrx_word' id='word_1_149' title='bbox 1043 1754 1072 1804; x_wconf 93' lang='lat' dir='ltr'><strong>et</strong></span> 
     </span>
     <span class='ocr_line' id='line_1_19' title="bbox 48 1821 1071 1892; baseline -0.001 -17"><span class='ocrx_word' id='word_1_150' title='bbox 48 1840 142 1891; x_wconf 90' lang='lat' dir='ltr'><strong>paene</strong></span> <span class='ocrx_word' id='word_1_151' title='bbox 170 1839 281 1892; x_wconf 85' lang='lat' dir='ltr'><strong>semper</strong></span> <span class='ocrx_word' id='word_1_152' title='bbox 311 1822 395 1878; x_wconf 89' lang='lat' dir='ltr'><strong>laetis</strong></span> <span class='ocrx_word' id='word_1_153' title='bbox 422 1821 504 1877; x_wconf 89' lang='lat' dir='ltr'><strong>rebus</strong></span> <span class='ocrx_word' id='word_1_154' title='bbox 533 1823 625 1876; x_wconf 88' lang='lat' dir='ltr'><strong>exitus</strong></span> <span class='ocrx_word' id='word_1_155' title='bbox 656 1823 750 1876; x_wconf 83' lang='lat' dir='ltr'><strong>tristes</strong></span> <span class='ocrx_word' id='word_1_156' title='bbox 779 1824 808 1877; x_wconf 90' lang='lat' dir='ltr'><strong>et</strong></span> <span class='ocrx_word' id='word_1_157' title='bbox 835 1822 988 1876; x_wconf 87' lang='lat' dir='ltr'><strong>liberorum</strong></span> <span class='ocrx_word' id='word_1_158' title='bbox 1015 1822 1071 1876; x_wconf 85' lang='lat' dir='ltr'><strong>for-</strong></span> 
     </span>
     <span class='ocr_line' id='line_1_20' title="bbox 48 1893 1071 1966; baseline -0.001 -18"><span class='ocrx_word' id='word_1_159' title='bbox 48 1897 243 1964; x_wconf 84' lang='lat' dir='ltr'><strong>tunarumque</strong></span> <span class='ocrx_word' id='word_1_160' title='bbox 261 1895 385 1964; x_wconf 87' lang='lat' dir='ltr'><strong>priorum</strong></span> <span class='ocrx_word' id='word_1_161' title='bbox 402 1895 432 1948; x_wconf 93' lang='lat' dir='ltr'><strong>in</strong></span> <span class='ocrx_word' id='word_1_162' title='bbox 451 1895 531 1964; x_wconf 90' lang='lat' dir='ltr'><strong>peius</strong></span> <span class='ocrx_word' id='word_1_163' title='bbox 547 1912 562 1948; x_wconf 68' lang='lat' dir='ltr'><strong>a</strong></span> <span class='ocrx_word' id='word_1_164' title='bbox 577 1912 594 1948; x_wconf 74' lang='lat' dir='ltr'><strong>s</strong></span> <span class='ocrx_word' id='word_1_165' title='bbox 609 1894 737 1964; x_wconf 82' lang='lat' dir='ltr'><strong>adgnitio</strong></span> <span class='ocrx_word' id='word_1_166' title='bbox 757 1894 863 1966; x_wconf 84' lang='lat' dir='ltr'><strong>[tristes</strong></span> <span class='ocrx_word' id='word_1_167' title='bbox 882 1893 1071 1948; x_wconf 88' lang='lat' dir='ltr'><strong>fortunarum-</strong></span> 
     </span>
     <span class='ocr_line' id='line_1_21' title="bbox 50 1965 1071 2039; baseline 0.001 -21"><span class='ocrx_word' id='word_1_168' title='bbox 50 1982 107 2034; x_wconf 90' lang='lat' dir='ltr'><strong>que</strong></span> <span class='ocrx_word' id='word_1_169' title='bbox 126 1967 254 2034; x_wconf 87' lang='lat' dir='ltr'><strong>priorum</strong></span> <span class='ocrx_word' id='word_1_170' title='bbox 272 1967 303 2019; x_wconf 90' lang='lat' dir='ltr'><strong>in</strong></span> <span class='ocrx_word' id='word_1_171' title='bbox 321 1967 401 2034; x_wconf 90' lang='lat' dir='ltr'><strong>peius</strong></span> <span class='ocrx_word' id='word_1_172' title='bbox 416 1965 621 2039; x_wconf 82' lang='lat' dir='ltr'><strong>&lt;commutatio</strong></span> <span class='ocrx_word' id='word_1_173' title='bbox 641 1966 802 2034; x_wconf 85' lang='lat' dir='ltr'><strong>succedunt,</strong></span> <span class='ocrx_word' id='word_1_174' title='bbox 822 1965 851 2018; x_wconf 91' lang='lat' dir='ltr'><strong>in</strong></span> <span class='ocrx_word' id='word_1_175' title='bbox 870 1966 924 2020; x_wconf 84' lang='lat' dir='ltr'><strong>hcc</strong></span> <span class='ocrx_word' id='word_1_176' title='bbox 942 1965 1071 2020; x_wconf 91' lang='lat' dir='ltr'><strong>tristibus</strong></span> 
     </span>
     <span class='ocr_line' id='line_1_22' title="bbox 50 2037 1072 2110; baseline 0 -20"><span class='ocrx_word' id='word_1_177' title='bbox 50 2038 136 2091; x_wconf 90' lang='lat' dir='ltr'><strong>rebus</strong></span> <span class='ocrx_word' id='word_1_178' title='bbox 156 2037 253 2091; x_wconf 86' lang='lat' dir='ltr'><strong>exitus</strong></span> <span class='ocrx_word' id='word_1_179' title='bbox 266 2037 335 2092; x_wconf 89' lang='lat' dir='ltr'><strong>laeti</strong></span> <span class='ocrx_word' id='word_1_180' title='bbox 353 2037 432 2093; x_wconf 83' lang='lat' dir='ltr'><strong>velut</strong></span> <span class='ocrx_word' id='word_1_181' title='bbox 450 2037 589 2110; x_wconf 86' lang='lat' dir='ltr'><strong>nuptiae&gt;</strong></span> <span class='ocrx_word' id='word_1_182' title='bbox 609 2041 637 2091; x_wconf 91' lang='lat' dir='ltr'><strong>et</strong></span> <span class='ocrx_word' id='word_1_183' title='bbox 655 2037 808 2092; x_wconf 89' lang='lat' dir='ltr'><strong>liberorum</strong></span> <span class='ocrx_word' id='word_1_184' title='bbox 827 2037 955 2108; x_wconf 82' lang='lat' dir='ltr'><strong>adgnitio</strong></span> <span class='ocrx_word' id='word_1_185' title='bbox 971 2037 1072 2092; x_wconf 85' lang='lat' dir='ltr'><strong>Kcs&#39;bet</strong></span> 
     </span>
     <span class='ocr_line' id='line_1_23' title="bbox 53 2107 1072 2180; baseline -0.002 -16"><span class='ocrx_word' id='word_1_186' title='bbox 53 2109 143 2164; x_wconf 75' lang='lat' dir='ltr'><em>ch</em></span> <span class='ocrx_word' id='word_1_187' title='bbox 153 2127 184 2179; x_wconf 81' lang='lat' dir='ltr'><strong>p.</strong></span> <span class='ocrx_word' id='word_1_188' title='bbox 200 2109 257 2180; x_wconf 81' lang='grc'>58].</span> <span class='ocrx_word' id='word_1_189' title='bbox 295 2109 478 2178; x_wconf 80' lang='lat' dir='ltr'><strong>querereris</strong></span> <span class='ocrx_word' id='word_1_190' title='bbox 496 2109 600 2180; x_wconf 82' lang='lat' dir='ltr'><strong>[variat</strong></span> <span class='ocrx_word' id='word_1_191' title='bbox 617 2111 658 2164; x_wconf 84' lang='lat' dir='ltr'><strong>cet</strong></span> <span class='ocrx_word' id='word_1_192' title='bbox 676 2110 773 2164; x_wconf 86' lang='lat' dir='ltr'><strong>rarcat</strong></span> <span class='ocrx_word' id='word_1_193' title='bbox 795 2109 885 2180; x_wconf 75' lang='lat' dir='ltr'><strong>codd]</strong></span> <span class='ocrx_word' id='word_1_194' title='bbox 908 2107 1072 2163; x_wconf 86' lang='lat' dir='ltr'><strong>definitione</strong></span> 
     </span>
     <span class='ocr_line' id='line_1_24' title="bbox 51 2179 1073 2263; baseline 0.003 -31"><span class='ocrx_word' id='word_1_195' title='bbox 51 2179 194 2236; x_wconf 85' lang='lat' dir='ltr'><strong>discretae</strong></span> <span class='ocrx_word' id='word_1_196' title='bbox 221 2184 300 2248; x_wconf 77' lang='lat' dir='ltr'><strong>suut3</strong></span> <span class='ocrx_word' id='word_1_197' title='bbox 328 2181 418 2235; x_wconf 87' lang='lat' dir='ltr'><strong>altera</strong></span> <span class='ocrx_word' id='word_1_198' title='bbox 445 2181 521 2235; x_wconf 87' lang='lat' dir='ltr'><strong>enim</strong></span> <span class='ocrx_word' id='word_1_199' title='bbox 548 2179 701 2242; x_wconf 74' lang='grc' dir='ltr'><strong><em>ἀκίνδυνος</em></strong></span> <span class='ocrx_word' id='word_1_200' title='bbox 723 2179 848 2263; x_wconf 70' lang='grc' dir='ltr'><strong><em>περιοχή,</em></strong></span> <span class='ocrx_word' id='word_1_201' title='bbox 876 2180 966 2235; x_wconf 87' lang='lat' dir='ltr'><strong>altera</strong></span> <span class='ocrx_word' id='word_1_202' title='bbox 987 2181 1073 2252; x_wconf 74' lang='grc' dir='ltr'><strong><em>τύχης</em></strong></span> 
     </span>
     <span class='ocr_line' id='line_1_25' title="bbox 51 2250 1072 2324; baseline -0.001 -18"><span class='ocrx_word' id='word_1_203' title='bbox 51 2250 216 2322; x_wconf 67' lang='lat' dir='ltr'><strong>exsolescere</strong></span> <span class='ocrx_word' id='word_1_204' title='bbox 234 2252 311 2307; x_wconf 85' lang='lat' dir='ltr'><strong>dicta</strong></span> <span class='ocrx_word' id='word_1_205' title='bbox 329 2255 373 2307; x_wconf 91' lang='lat' dir='ltr'><strong>est</strong></span> <span class='ocrx_word' id='word_1_206' title='bbox 391 2253 496 2324; x_wconf 89' lang='lat' dir='ltr'><strong>[dictae</strong></span> <span class='ocrx_word' id='word_1_207' title='bbox 516 2254 581 2306; x_wconf 90' lang='lat' dir='ltr'><strong>sunt</strong></span> <span class='ocrx_word' id='word_1_208' title='bbox 599 2252 697 2322; x_wconf 66' lang='lat' dir='ltr'><strong>codd}</strong></span> <span class='ocrx_word' id='word_1_209' title='bbox 735 2252 852 2306; x_wconf 85' lang='lat' dir='ltr'><strong>tristrtia</strong></span> <span class='ocrx_word' id='word_1_210' title='bbox 874 2269 996 2321; x_wconf 88' lang='lat' dir='ltr'><strong>namque</strong></span> <span class='ocrx_word' id='word_1_211' title='bbox 1014 2255 1072 2305; x_wconf 87' lang='lat' dir='ltr'><strong>tra·</strong></span> 
     </span>
     <span class='ocr_line' id='line_1_26' title="bbox 51 2322 1072 2396; baseline -0.002 -18"><span class='ocrx_word' id='word_1_212' title='bbox 51 2325 173 2394; x_wconf 78' lang='lat' dir='ltr'><strong>goediae</strong></span> <span class='ocrx_word' id='word_1_213' title='bbox 188 2324 345 2392; x_wconf 70' lang='lat' dir='ltr'><strong>proprium,</strong></span> <span class='ocrx_word' id='word_1_214' title='bbox 364 2324 483 2392; x_wconf 91' lang='lat' dir='ltr'><strong>ideoque</strong></span> <span class='ocrx_word' id='word_1_215' title='bbox 502 2324 578 2396; x_wconf 90' lang='lat' dir='ltr'><strong>[ideo</strong></span> <span class='ocrx_word' id='word_1_216' title='bbox 592 2325 668 2392; x_wconf 91' lang='lat' dir='ltr'><strong>quod</strong></span> <span class='ocrx_word' id='word_1_217' title='bbox 682 2323 770 2394; x_wconf 82' lang='lat' dir='ltr'><strong>codd]</strong></span> <span class='ocrx_word' id='word_1_218' title='bbox 789 2322 938 2391; x_wconf 80' lang='lat' dir='ltr'><strong>Euripides</strong></span> <span class='ocrx_word' id='word_1_219' title='bbox 957 2325 1072 2393; x_wconf 90' lang='lat' dir='ltr'><strong>petente</strong></span> 
     </span>
     <span class='ocr_line' id='line_1_27' title="bbox 51 2394 1071 2466; baseline -0.003 -16"><span class='ocrx_word' id='word_1_220' title='bbox 51 2395 192 2450; x_wconf 81' lang='lat' dir='ltr'><strong>Archelao</strong></span> <span class='ocrx_word' id='word_1_221' title='bbox 214 2411 294 2466; x_wconf 84' lang='lat' dir='ltr'><strong>rege,</strong></span> <span class='ocrx_word' id='word_1_222' title='bbox 317 2398 350 2448; x_wconf 90' lang='lat' dir='ltr'><strong>ut</strong></span> <span class='ocrx_word' id='word_1_223' title='bbox 372 2395 407 2449; x_wconf 91' lang='lat' dir='ltr'><strong>de</strong></span> <span class='ocrx_word' id='word_1_224' title='bbox 433 2413 461 2449; x_wconf 89' lang='lat' dir='ltr'><strong>se</strong></span> <span class='ocrx_word' id='word_1_225' title='bbox 479 2396 656 2464; x_wconf 81' lang='lat' dir='ltr'><strong>tragoediam</strong></span> <span class='ocrx_word' id='word_1_226' title='bbox 676 2394 817 2461; x_wconf 84' lang='lat' dir='ltr'><strong>scriberet,</strong></span> <span class='ocrx_word' id='word_1_227' title='bbox 838 2395 938 2448; x_wconf 85' lang='lat' dir='ltr'><strong>abnuit</strong></span> <span class='ocrx_word' id='word_1_228' title='bbox 957 2410 991 2448; x_wconf 87' lang='lat' dir='ltr'><strong>ec</strong></span> <span class='ocrx_word' id='word_1_229' title='bbox 1009 2410 1071 2462; x_wconf 90' lang='lat' dir='ltr'><strong>pre-</strong></span> 
     </span>
     <span class='ocr_line' id='line_1_28' title="bbox 50 2465 1071 2538; baseline -0.001 -18"><span class='ocrx_word' id='word_1_230' title='bbox 50 2471 131 2522; x_wconf 84' lang='lat' dir='ltr'><strong>catus</strong></span> <span class='ocrx_word' id='word_1_231' title='bbox 158 2469 203 2521; x_wconf 87' lang='lat' dir='ltr'><strong>est</strong></span> <span class='ocrx_word' id='word_1_232' title='bbox 221 2485 262 2520; x_wconf 60' lang='lat' dir='ltr'><strong>‘ne</strong></span> <span class='ocrx_word' id='word_1_233' title='bbox 288 2467 428 2521; x_wconf 89' lang='lat' dir='ltr'><strong>accideret</strong></span> <span class='ocrx_word' id='word_1_234' title='bbox 452 2466 590 2522; x_wconf 85' lang='lat' dir='ltr'><strong>Archelao</strong></span> <span class='ocrx_word' id='word_1_235' title='bbox 619 2466 728 2535; x_wconf 89' lang='lat' dir='ltr'><strong>aliquid</strong></span> <span class='ocrx_word' id='word_1_236' title='bbox 756 2465 920 2537; x_wconf 84' lang='lat' dir='ltr'><strong>tragoediae</strong></span> <span class='ocrx_word' id='word_1_237' title='bbox 949 2467 1071 2538; x_wconf 84' lang='lat' dir='ltr'><strong>[tragoe-</strong></span> 
     </span>
     <span class='ocr_line' id='line_1_29' title="bbox 51 2537 1072 2609; baseline -0.002 -17"><span class='ocrx_word' id='word_1_238' title='bbox 51 2539 113 2592; x_wconf 90' lang='lat' dir='ltr'><strong>dice</strong></span> <span class='ocrx_word' id='word_1_239' title='bbox 141 2539 243 2594; x_wconf 77' lang='lat' dir='ltr'><strong>Usener</strong></span> <span class='ocrx_word' id='word_1_240' title='bbox 265 2539 332 2593; x_wconf 70' lang='lat' dir='ltr'><strong>ibid.</strong></span> <span class='ocrx_word' id='word_1_241' title='bbox 354 2539 600 2609; x_wconf 81' lang='lat' dir='ltr'><strong>p.621cdn.1],</strong></span> <span class='ocrx_word' id='word_1_242' title='bbox 629 2538 779 2592; x_wconf 89' lang='lat' dir='ltr'><strong>ostendens</strong></span> <span class='ocrx_word' id='word_1_243' title='bbox 807 2537 879 2592; x_wconf 90' lang='lat' dir='ltr'><strong>nihil</strong></span> <span class='ocrx_word' id='word_1_244' title='bbox 907 2537 986 2591; x_wconf 87' lang='lat' dir='ltr'><strong>aliud</strong></span> <span class='ocrx_word' id='word_1_245' title='bbox 1011 2553 1072 2590; x_wconf 87' lang='lat' dir='ltr'><strong>esse</strong></span> 
     </span>
     <span class='ocr_line' id='line_1_30' title="bbox 51 2609 1072 2681; baseline -0.004 -17"><span class='ocrx_word' id='word_1_246' title='bbox 51 2609 233 2681; x_wconf 81' lang='lat' dir='ltr'><strong>tragoediam</strong></span> <span class='ocrx_word' id='word_1_247' title='bbox 251 2627 335 2678; x_wconf 89' lang='lat' dir='ltr'><strong>quam</strong></span> <span class='ocrx_word' id='word_1_248' title='bbox 353 2610 530 2664; x_wconf 88' lang='lat' dir='ltr'><strong>miseriarum</strong></span> <span class='ocrx_word' id='word_1_249' title='bbox 554 2609 827 2677; x_wconf 87' lang='lat' dir='ltr'><strong>conprehensionem.</strong></span> <span class='ocrx_word' id='word_1_250' title='bbox 865 2611 965 2678; x_wconf 87' lang='lat' dir='ltr'><strong>poetae</strong></span> <span class='ocrx_word' id='word_1_251' title='bbox 988 2609 1072 2677; x_wconf 91' lang='lat' dir='ltr'><strong>primi</strong></span> 
     </span>
     <span class='ocr_line' id='line_1_31' title="bbox 51 2680 1071 2752; baseline -0.002 -17"><span class='ocrx_word' id='word_1_252' title='bbox 51 2682 152 2736; x_wconf 86' lang='lat' dir='ltr'><strong>comici</strong></span> <span class='ocrx_word' id='word_1_253' title='bbox 176 2681 290 2737; x_wconf 87' lang='lat' dir='ltr'><strong>fuerunt</strong></span> <span class='ocrx_word' id='word_1_254' title='bbox 314 2681 446 2736; x_wconf 86' lang='lat' dir='ltr'><strong>Susarion</strong></span> <span class='ocrx_word' id='word_1_255' title='bbox 469 2681 573 2735; x_wconf 86' lang='lat' dir='ltr'><strong>Mullus</strong></span> <span class='ocrx_word' id='word_1_256' title='bbox 596 2684 626 2735; x_wconf 90' lang='lat' dir='ltr'><strong>et</strong></span> <span class='ocrx_word' id='word_1_257' title='bbox 647 2681 772 2752; x_wconf 82' lang='lat' dir='ltr'><strong>Magnes.</strong></span> <span class='ocrx_word' id='word_1_258' title='bbox 810 2681 840 2733; x_wconf 89' lang='lat' dir='ltr'><strong>hi</strong></span> <span class='ocrx_word' id='word_1_259' title='bbox 863 2681 964 2736; x_wconf 88' lang='lat' dir='ltr'><strong>veteris</strong></span> <span class='ocrx_word' id='word_1_260' title='bbox 989 2680 1071 2734; x_wconf 89' lang='lat' dir='ltr'><strong>disci-</strong></span> 
     </span>
     <span class='ocr_line' id='line_1_32' title="bbox 50 2751 1071 2826; baseline -0.005 -18"><span class='ocrx_word' id='word_1_261' title='bbox 50 2753 147 2821; x_wconf 89' lang='lat' dir='ltr'><strong>plinae</strong></span> <span class='ocrx_word' id='word_1_262' title='bbox 167 2752 304 2808; x_wconf 86' lang='lat' dir='ltr'><strong>iocularia</strong></span> <span class='ocrx_word' id='word_1_263' title='bbox 329 2751 431 2826; x_wconf 69' lang='lat' dir='ltr'><strong>[atria</strong></span> <span class='ocrx_word' id='word_1_264' title='bbox 446 2753 518 2824; x_wconf 84' lang='lat' dir='ltr'><strong>AB]</strong></span> <span class='ocrx_word' id='word_1_265' title='bbox 542 2753 681 2821; x_wconf 86' lang='lat' dir='ltr'><strong>quaedam</strong></span> <span class='ocrx_word' id='word_1_266' title='bbox 703 2753 796 2805; x_wconf 91' lang='lat' dir='ltr'><strong>minus</strong></span> <span class='ocrx_word' id='word_1_267' title='bbox 816 2751 885 2807; x_wconf 88' lang='lat' dir='ltr'><strong>scite</strong></span> <span class='ocrx_word' id='word_1_268' title='bbox 904 2770 936 2806; x_wconf 89' lang='lat' dir='ltr'><strong>ac</strong></span> <span class='ocrx_word' id='word_1_269' title='bbox 955 2754 1071 2807; x_wconf 87' lang='lat' dir='ltr'><strong>venuste</strong></span> 
     </span>
     <span class='ocr_line' id='line_1_33' title="bbox 51 2821 1071 2894; baseline -0.004 -14"><span class='ocrx_word' id='word_1_270' title='bbox 51 2822 286 2894; x_wconf 89' lang='lat' dir='ltr'><strong>pronuntiabant,</strong></span> <span class='ocrx_word' id='word_1_271' title='bbox 305 2825 335 2878; x_wconf 91' lang='lat' dir='ltr'><strong>in</strong></span> <span class='ocrx_word' id='word_1_272' title='bbox 354 2824 456 2893; x_wconf 92' lang='lat' dir='ltr'><strong>quibus</strong></span> <span class='ocrx_word' id='word_1_273' title='bbox 479 2824 510 2877; x_wconf 92' lang='lat' dir='ltr'><strong>hi</strong></span> <span class='ocrx_word' id='word_1_274' title='bbox 528 2840 623 2879; x_wconf 89' lang='lat' dir='ltr'><strong>versus</strong></span> <span class='ocrx_word' id='word_1_275' title='bbox 646 2824 773 2879; x_wconf 86' lang='lat' dir='ltr'><strong>fuerunt:</strong></span> <span class='ocrx_word' id='word_1_276' title='bbox 795 2821 972 2890; x_wconf 72' lang='lat' dir='ltr'><strong>‘Zovccptcv</strong></span> <span class='ocrx_word' id='word_1_277' title='bbox 991 2824 1071 2877; x_wconf 79' lang='grc' dir='ltr'><strong><em>ταυτὶ</em></strong></span> 
     </span>
     <span class='ocr_line' id='line_1_34' title="bbox 50 2891 1072 2970; baseline 0 -20"><span class='ocrx_word' id='word_1_278' title='bbox 50 2897 137 2966; x_wconf 74' lang='grc' dir='ltr'><strong><em>λέγει·</em></strong></span> <span class='ocrx_word' id='word_1_279' title='bbox 150 2897 165 2970; x_wconf 67' lang='lat' dir='ltr'><em>s</em></span> <span class='ocrx_word' id='word_1_280' title='bbox 178 2896 268 2951; x_wconf 82' lang='grc' dir='ltr'><strong><em>κακὸν</em></strong></span> <span class='ocrx_word' id='word_1_281' title='bbox 282 2905 425 2967; x_wconf 74' lang='grc' dir='ltr'><strong><em>γυναῖκες·</em></strong></span> <span class='ocrx_word' id='word_1_282' title='bbox 445 2892 500 2950; x_wconf 75' lang='grc' dir='ltr'><strong>ἀλλ’</strong></span> <span class='ocrx_word' id='word_1_283' title='bbox 519 2893 600 2965; x_wconf 77' lang='grc' dir='ltr'><strong><em>ὅμως,</em></strong></span> <span class='ocrx_word' id='word_1_284' title='bbox 619 2891 640 2950; x_wconf 82' lang='grc' dir='ltr'><strong><em>ὦ</em></strong></span> <span class='ocrx_word' id='word_1_285' title='bbox 656 2894 783 2964; x_wconf 73' lang='grc' dir='ltr'><strong><em>δημόται,</em></strong></span> <span class='ocrx_word' id='word_1_286' title='bbox 795 2897 809 2966; x_wconf 75' lang='lat' dir='ltr'><em>s</em></span> <span class='ocrx_word' id='word_1_287' title='bbox 822 2896 873 2950; x_wconf 83' lang='grc' dir='ltr'><strong>οὐκ</strong></span> <span class='ocrx_word' id='word_1_288' title='bbox 891 2895 965 2950; x_wconf 77' lang='grc' dir='ltr'><strong><em>ἔστιν</em></strong></span> <span class='ocrx_word' id='word_1_289' title='bbox 980 2896 1072 2962; x_wconf 79' lang='grc' dir='ltr'><strong><em>εὑρεῖν</em></strong></span> 
     </span>
     <span class='ocr_line' id='line_1_35' title="bbox 51 2965 1071 3036; baseline -0.003 -14"><span class='ocrx_word' id='word_1_290' title='bbox 51 2966 150 3023; x_wconf 76' lang='grc' dir='ltr'><strong><em>οἰκίαν</em></strong></span> <span class='ocrx_word' id='word_1_291' title='bbox 170 2965 239 3023; x_wconf 75' lang='grc' dir='ltr'><strong>ἄνευ</strong></span> <span class='ocrx_word' id='word_1_292' title='bbox 258 2969 367 3022; x_wconf 83' lang='grc' dir='ltr'>κακοῦ’.</span> <span class='ocrx_word' id='word_1_293' title='bbox 406 2968 530 3022; x_wconf 88' lang='lat' dir='ltr'><strong>secunda</strong></span> <span class='ocrx_word' id='word_1_294' title='bbox 548 2968 642 3021; x_wconf 85' lang='lat' dir='ltr'><strong>aetate</strong></span> <span class='ocrx_word' id='word_1_295' title='bbox 661 2967 776 3022; x_wconf 84' lang='lat' dir='ltr'><strong>fuerunt</strong></span> <span class='ocrx_word' id='word_1_296' title='bbox 793 2967 997 3036; x_wconf 86' lang='lat' dir='ltr'><strong>Aristophanes</strong></span> <span class='ocrx_word' id='word_1_297' title='bbox 1017 2965 1071 3020; x_wconf 79' lang='lat' dir='ltr'><strong>Eu-</strong></span> 
     </span>
     <span class='ocr_line' id='line_1_36' title="bbox 50 3037 1072 3111; baseline -0.003 -17"><span class='ocrx_word' id='word_1_298' title='bbox 50 3040 124 3109; x_wconf 90' lang='lat' dir='ltr'><strong>polis</strong></span> <span class='ocrx_word' id='word_1_299' title='bbox 155 3042 185 3093; x_wconf 89' lang='lat' dir='ltr'><strong>et</strong></span> <span class='ocrx_word' id='word_1_300' title='bbox 213 3037 341 3093; x_wconf 81' lang='lat' dir='ltr'><strong>Cratinus</strong></span> <span class='ocrx_word' id='word_1_301' title='bbox 370 3038 488 3111; x_wconf 85' lang='lat' dir='ltr'><strong>[oratius</strong></span> <span class='ocrx_word' id='word_1_302' title='bbox 512 3039 604 3093; x_wconf 79' lang='lat' dir='ltr'><strong>codd:</strong></span> <span class='ocrx_word' id='word_1_303' title='bbox 631 3056 679 3094; x_wconf 86' lang='lat' dir='ltr'><strong>em.</strong></span> <span class='ocrx_word' id='word_1_304' title='bbox 698 3039 761 3110; x_wconf 79' lang='lat' dir='ltr'><strong>vp.],</strong></span> <span class='ocrx_word' id='word_1_305' title='bbox 789 3039 838 3108; x_wconf 92' lang='lat' dir='ltr'><strong>qui</strong></span> <span class='ocrx_word' id='word_1_306' title='bbox 861 3041 890 3092; x_wconf 90' lang='lat' dir='ltr'><strong>et</strong></span> <span class='ocrx_word' id='word_1_307' title='bbox 911 3038 1072 3107; x_wconf 88' lang='lat' dir='ltr'><strong>principum</strong></span> 
     </span>
     <span class='ocr_line' id='line_1_37' title="bbox 50 3110 1071 3177; baseline -0.003 -12"><span class='ocrx_word' id='word_1_308' title='bbox 50 3111 121 3165; x_wconf 84' lang='lat' dir='ltr'><strong>vitia</strong></span> <span class='ocrx_word' id='word_1_309' title='bbox 140 3111 243 3165; x_wconf 82' lang='lat' dir='ltr'><strong>sectati</strong></span> <span class='ocrx_word' id='word_1_310' title='bbox 262 3110 456 3166; x_wconf 82' lang='lat' dir='ltr'><strong>acerbissimas</strong></span> <span class='ocrx_word' id='word_1_311' title='bbox 476 3111 633 3164; x_wconf 88' lang='lat' dir='ltr'><strong>comoedias</strong></span> <span class='ocrx_word' id='word_1_312' title='bbox 652 3112 866 3177; x_wconf 87' lang='lat' dir='ltr'><strong>conposuerunt.</strong></span> <span class='ocrx_word' id='word_1_313' title='bbox 894 3110 979 3164; x_wconf 89' lang='lat' dir='ltr'><strong>tertia</strong></span> <span class='ocrx_word' id='word_1_314' title='bbox 994 3112 1071 3162; x_wconf 86' lang='lat' dir='ltr'><strong>aetas</strong></span> 
     </span>
     <span class='ocr_line' id='line_1_38' title="bbox 50 3181 1071 3252; baseline -0.004 -16"><span class='ocrx_word' id='word_1_315' title='bbox 50 3183 107 3236; x_wconf 89' lang='lat' dir='ltr'><strong>fuit</strong></span> <span class='ocrx_word' id='word_1_316' title='bbox 125 3182 277 3236; x_wconf 81' lang='lat' dir='ltr'><strong>Menandri</strong></span> <span class='ocrx_word' id='word_1_317' title='bbox 296 3181 404 3252; x_wconf 89' lang='lat' dir='ltr'><strong>Diphili</strong></span> <span class='ocrx_word' id='word_1_318' title='bbox 427 3185 456 3236; x_wconf 91' lang='lat' dir='ltr'><strong>et</strong></span> <span class='ocrx_word' id='word_1_319' title='bbox 473 3181 659 3247; x_wconf 82' lang='lat' dir='ltr'><strong>Philemonis,</strong></span> <span class='ocrx_word' id='word_1_320' title='bbox 682 3181 731 3250; x_wconf 91' lang='lat' dir='ltr'><strong>qui</strong></span> <span class='ocrx_word' id='word_1_321' title='bbox 755 3198 865 3235; x_wconf 89' lang='lat' dir='ltr'><strong>omnem</strong></span> <span class='ocrx_word' id='word_1_322' title='bbox 889 3181 1071 3235; x_wconf 88' lang='lat' dir='ltr'><strong>acerbitatem</strong></span> 
     </span>
     <span class='ocr_line' id='line_1_39' title="bbox 50 3252 1071 3324; baseline -0.004 -16"><span class='ocrx_word' id='word_1_323' title='bbox 50 3253 217 3308; x_wconf 85' lang='lat' dir='ltr'><strong>comoediae</strong></span> <span class='ocrx_word' id='word_1_324' title='bbox 244 3253 445 3324; x_wconf 82' lang='lat' dir='ltr'><strong>mitigaverunt</strong></span> <span class='ocrx_word' id='word_1_325' title='bbox 473 3257 558 3321; x_wconf 89' lang='lat' dir='ltr'><strong>atque</strong></span> <span class='ocrx_word' id='word_1_326' title='bbox 586 3255 753 3323; x_wconf 81' lang='lat' dir='ltr'><strong>argumenta</strong></span> <span class='ocrx_word' id='word_1_327' title='bbox 780 3252 951 3321; x_wconf 89' lang='lat' dir='ltr'><strong>multiplicia</strong></span> <span class='ocrx_word' id='word_1_328' title='bbox 1017 3252 1071 3306; x_wconf 88' lang='lat' dir='ltr'><strong>atis</strong></span> 
     </span>
     <span class='ocr_line' id='line_1_40' title="bbox 51 3323 1072 3398; baseline -0.004 -18"><span class='ocrx_word' id='word_1_329' title='bbox 51 3325 175 3398; x_wconf 80' lang='lat' dir='ltr'><strong>[graecis</strong></span> <span class='ocrx_word' id='word_1_330' title='bbox 198 3326 287 3396; x_wconf 75' lang='lat' dir='ltr'><strong>codd]</strong></span> <span class='ocrx_word' id='word_1_331' title='bbox 311 3325 450 3380; x_wconf 88' lang='lat' dir='ltr'><strong>erroribus</strong></span> <span class='ocrx_word' id='word_1_332' title='bbox 475 3325 563 3378; x_wconf 90' lang='lat' dir='ltr'><strong>secuti</strong></span> <span class='ocrx_word' id='word_1_333' title='bbox 588 3327 660 3379; x_wconf 89' lang='lat' dir='ltr'><strong>sunt.</strong></span> <span class='ocrx_word' id='word_1_334' title='bbox 699 3324 797 3379; x_wconf 90' lang='lat' dir='ltr'><strong>abhis</strong></span> <span class='ocrx_word' id='word_1_335' title='bbox 817 3325 937 3378; x_wconf 85' lang='lat' dir='ltr'><strong>Romani</strong></span> <span class='ocrx_word' id='word_1_336' title='bbox 960 3323 990 3377; x_wconf 85' lang='lat' dir='ltr'><strong>fa</strong></span> <span class='ocrx_word' id='word_1_337' title='bbox 1010 3323 1072 3376; x_wconf 91' lang='lat' dir='ltr'><strong>ulas</strong></span> 
     </span>
     <span class='ocr_line' id='line_1_41' title="bbox 51 3395 1071 3466; baseline -0.005 -14"><span class='ocrx_word' id='word_1_338' title='bbox 51 3396 268 3466; x_wconf 88' lang='lat' dir='ltr'><strong>transtulerunt,</strong></span> <span class='ocrx_word' id='word_1_339' title='bbox 296 3399 324 3450; x_wconf 89' lang='lat' dir='ltr'><strong>et</strong></span> <span class='ocrx_word' id='word_1_340' title='bbox 352 3399 463 3452; x_wconf 89' lang='lat' dir='ltr'><strong>constat</strong></span> <span class='ocrx_word' id='word_1_341' title='bbox 490 3397 567 3465; x_wconf 86' lang='lat' dir='ltr'><strong>apud</strong></span> <span class='ocrx_word' id='word_1_342' title='bbox 594 3396 658 3450; x_wconf 90' lang='lat' dir='ltr'><strong>illos</strong></span> <span class='ocrx_word' id='word_1_343' title='bbox 682 3395 803 3466; x_wconf 91' lang='lat' dir='ltr'><strong>primum</strong></span> <span class='ocrx_word' id='word_1_344' title='bbox 821 3395 921 3449; x_wconf 87' lang='lat' dir='ltr'><strong>Latino</strong></span> <span class='ocrx_word' id='word_1_345' title='bbox 945 3412 1071 3450; x_wconf 88' lang='lat' dir='ltr'><strong>sermone</strong></span> 
     </span>
     <span class='ocr_line' id='line_1_42' title="bbox 52 3465 1073 3537; baseline -0.005 -13"><span class='ocrx_word' id='word_1_346' title='bbox 52 3469 228 3524; x_wconf 85' lang='lat' dir='ltr'><strong>comoediam</strong></span> <span class='ocrx_word' id='word_1_347' title='bbox 242 3469 351 3524; x_wconf 85' lang='lat' dir='ltr'><strong>Livium</strong></span> <span class='ocrx_word' id='word_1_348' title='bbox 366 3468 557 3522; x_wconf 89' lang='lat' dir='ltr'><strong>Andronicum</strong></span> <span class='ocrx_word' id='word_1_349' title='bbox 576 3468 727 3537; x_wconf 87' lang='lat' dir='ltr'><strong>scripsisse.</strong></span> <span class='ocrx_word' id='word_1_350' title='bbox 757 3470 823 3521; x_wconf 88' lang='lat' dir='ltr'><strong>sunt</strong></span> <span class='ocrx_word' id='word_1_351' title='bbox 841 3467 890 3536; x_wconf 90' lang='lat' dir='ltr'><strong>qui</strong></span> <span class='ocrx_word' id='word_1_352' title='bbox 904 3467 992 3520; x_wconf 91' lang='lat' dir='ltr'><strong>velint</strong></span> <span class='ocrx_word' id='word_1_353' title='bbox 1005 3465 1073 3536; x_wconf 81' lang='lat' dir='ltr'><strong>Epi·</strong></span> 
     </span>
     <span class='ocr_line' id='line_1_43' title="bbox 53 3537 1070 3608; baseline -0.004 -13"><span class='ocrx_word' id='word_1_354' title='bbox 53 3541 198 3596; x_wconf 87' lang='lat' dir='ltr'><strong>charmum</strong></span> <span class='ocrx_word' id='word_1_355' title='bbox 212 3539 241 3594; x_wconf 91' lang='lat' dir='ltr'><strong>in</strong></span> <span class='ocrx_word' id='word_1_356' title='bbox 257 3539 294 3595; x_wconf 84' lang='lat' dir='ltr'><strong>Co</strong></span> <span class='ocrx_word' id='word_1_357' title='bbox 315 3537 408 3595; x_wconf 91' lang='lat' dir='ltr'><strong>insula</strong></span> <span class='ocrx_word' id='word_1_358' title='bbox 427 3539 585 3594; x_wconf 85' lang='lat' dir='ltr'><strong>exulantem</strong></span> <span class='ocrx_word' id='word_1_359' title='bbox 604 3539 726 3608; x_wconf 88' lang='lat' dir='ltr'><strong>primum</strong></span> <span class='ocrx_word' id='word_1_360' title='bbox 745 3539 797 3593; x_wconf 91' lang='lat' dir='ltr'><strong>hoc</strong></span> <span class='ocrx_word' id='word_1_361' title='bbox 817 3555 927 3592; x_wconf 85' lang='lat' dir='ltr'><strong>carmen</strong></span> <span class='ocrx_word' id='word_1_362' title='bbox 942 3537 1070 3606; x_wconf 86' lang='lat' dir='ltr'><strong>frequen-</strong></span> 
     </span>
     <span class='ocr_line' id='line_1_44' title="bbox 53 3609 1071 3680; baseline -0.003 -14"><span class='ocrx_word' id='word_1_363' title='bbox 53 3615 128 3666; x_wconf 88' lang='lat' dir='ltr'><strong>tasse</strong></span> <span class='ocrx_word' id='word_1_364' title='bbox 153 3614 181 3666; x_wconf 90' lang='lat' dir='ltr'><strong>et</strong></span> <span class='ocrx_word' id='word_1_365' title='bbox 205 3611 245 3666; x_wconf 88' lang='lat' dir='ltr'><strong>sic</strong></span> <span class='ocrx_word' id='word_1_366' title='bbox 269 3627 286 3664; x_wconf 91' lang='lat' dir='ltr'><strong>a</strong></span> <span class='ocrx_word' id='word_1_367' title='bbox 309 3611 364 3666; x_wconf 88' lang='lat' dir='ltr'><strong>Coo</strong></span> <span class='ocrx_word' id='word_1_368' title='bbox 389 3612 563 3666; x_wconf 86' lang='lat' dir='ltr'><strong>comoediam</strong></span> <span class='ocrx_word' id='word_1_369' title='bbox 586 3611 651 3664; x_wconf 87' lang='lat' dir='ltr'><strong>dici.</strong></span> <span class='ocrx_word' id='word_1_370' title='bbox 689 3613 771 3664; x_wconf 85' lang='lat' dir='ltr'><strong>antea</strong></span> <span class='ocrx_word' id='word_1_371' title='bbox 797 3609 892 3678; x_wconf 89' lang='lat' dir='ltr'><strong>itaque</strong></span> <span class='ocrx_word' id='word_1_372' title='bbox 912 3609 1071 3680; x_wconf 83' lang='lat' dir='ltr'><strong>galearibus</strong></span> 
     </span>
    </p>
   </div>
   <div class='ocr_carea' id='block_1_5' title="bbox 107 3724 856 3779">
    <p class='ocr_par' dir='ltr' id='par_1_5' title="bbox 107 3724 856 3779">
     <span class='ocr_line' id='line_1_45' title="bbox 107 3724 856 3779; baseline -0.008 -8"><span class='ocrx_word' id='word_1_373' title='bbox 107 3729 273 3772; x_wconf 75' lang='lat' dir='ltr'><strong>Grammaticus</strong></span> <span class='ocrx_word' id='word_1_374' title='bbox 287 3730 403 3770; x_wconf 81' lang='lat' dir='ltr'><strong>Romanas</strong></span> <span class='ocrx_word' id='word_1_375' title='bbox 418 3729 547 3779; x_wconf 74' lang='lat' dir='ltr'><strong>fragments</strong></span> <span class='ocrx_word' id='word_1_376' title='bbox 567 3728 601 3768; x_wconf 89' lang='lat' dir='ltr'><strong>ed.</strong></span> <span class='ocrx_word' id='word_1_377' title='bbox 617 3730 739 3768; x_wconf 77' lang='lat' dir='ltr'><strong>Funsronr</strong></span> <span class='ocrx_word' id='word_1_378' title='bbox 824 3724 856 3772; x_wconf 82' lang='lat'><strong>21</strong></span> 
     </span>
    </p>
   </div>
   <div class='ocr_carea' id='block_1_6' title="bbox 0 0 1233 3902">
    <p class='ocr_par' dir='ltr' id='par_1_6' title="bbox 0 0 1233 3902">
     <span class='ocr_line' id='line_1_46' title="bbox 0 0 1233 3902; baseline 0 0"><span class='ocrx_word' id='word_1_379' title='bbox 0 0 1233 3902; x_wconf 95' lang='lat' dir='ltr'><strong> </strong></span> 
     </span>
    </p>
   </div>
  </div>
 </body>
</html>
