2442 3902
171 160 237 224 300
321 159 527 215 Grammaticae
546 160 648 214 aetatis
667 158 858 226 varronianae
876 157 1043 229 fragmenta

169 330 225 401 ait3
250 331 280 388 et
298 331 397 388 ortum
410 322 535 403 ‘quidem
555 328 634 403 quod
653 329 684 385 in
704 347 737 386 eo
757 327 857 386 omnia
876 328 1021 402 oriantur,
1050 327 1174 387 Graccum

169 420 270 475 autem
301 436 319 476 a
349 417 490 494 gerendo,
523 418 602 493 quod
632 420 728 476 mater
757 417 820 474 eius
850 415 1006 474 duodecim
1042 416 1173 476 mensibus

169 509 254 565 utero
278 526 346 564 eum
369 505 544 583 gestaverit,
574 505 621 564 vel
646 526 664 563 a
687 505 858 584 gracilitate
887 507 1035 580 corporis,
1069 511 1110 564 ut
1131 506 1173 581 qui·
1216 513 1217 580 j

169 596 238 654 dam
261 595 375 655 volunt.

242 694 322 749 asar.
338 711 369 762 p.
384 698 430 759 82,
447 697 463 746 7
482 696 525 762 (=
542 695 617 747 Plia.
632 693 695 748 dab.
714 710 791 747 seraa.
809 710 838 761 p.
853 697 898 758 47,
911 697 948 748 24
956 695 1003 762 Β.)
1024 708 1174 748 amensa-

169 765 336 905 plosruuppavsipd
360 763 533 818 consuetudo
557 766 586 818 et
604 763 744 818 Gracchos
764 767 793 818 et
815 764 910 817 hortos
933 780 997 817 oum
1016 765 1175 834 aspiratione

580 953 661 1009 saoe
684 944 775 1030 [aas]

237 1059 393 1134 pulchrum
423 1059 519 1116 Varro
554 1039 681 1133 aspirari
715 1057 820 1116 debere
855 1061 960 1134 negat,
1002 1075 1040 1115 ne
1076 1057 1176 1115 duabus
1217 1037 1218 1040 Ἴ

170 1147 399 1206 consonantibus
422 1146 521 1205 media
543 1147 709 1205 intercedat
731 1146 883 1222 aspiratio.

243 1245 324 1299 Char.
340 1249 482 1313 117317
502 1248 545 1313 (=
561 1246 636 1299 Plio.
657 1246 719 1299 dab.
739 1263 816 1299 serm.
833 1263 863 1314 p.
879 1250 923 1311 13,
938 1247 1010 1310 4Β.)
1030 1261 1147 1306 pulchrum
1158 1274 1176 1282 -

169 1332 289 1383 aspiratam
324 1317 399 1384 quod
432 1316 547 1370 minime
575 1320 682 1370 rectum
711 1317 836 1384 antiquis
861 1316 1016 1370 videbatur.
1063 1317 1177 1370 undeet

170 1387 348 1456 sepulchrum
366 1388 506 1456 hodieque
521 1391 624 1455 manet,
643 1388 718 1454 quod
738 1388 775 1441 sit
794 1404 918 1443 seorsum
935 1405 951 1440 a
966 1386 1087 1510 pulchro
1107 1403 1176 1456 prop·

169 1461 211 1512 ter
229 1459 452 1512 recordationem
471 1458 583 1512 doloris.
618 1459 704 1514 OGL
724 1461 822 1525 Vrsa,
837 1464 874 1514 52
896 1475 965 1528 sepu
978 1459 1076 1512 chrum
1094 1457 1178 1528 placet

170 1530 235 1584 aliis
255 1531 440 1600 compositum
462 1545 480 1583 a
500 1530 582 1583 semis
609 1535 638 1585 st
660 1529 790 1599 pulchro,
814 1545 847 1584 eo
867 1530 943 1597 quod
962 1529 1109 1598 superficie
1127 1528 1177 1598 pul·

171 1602 268 1655 chrum
282 1603 359 1656 intus
374 1601 483 1656 ossibus
497 1600 620 1670 plenum,
640 1601 689 1654 sed
703 1601 852 1670 pulchrum
866 1600 954 1655 Varro
968 1603 1056 1671 negat
1070 1599 1177 1670 aspirari

170 1673 273 1728 dehere
295 1689 331 1727 ne
354 1673 463 1726 duabus
491 1673 709 1727 consonantibus
736 1673 831 1726 media
858 1672 1016 1726 intercedat
1044 1671 1178 1741 aspiratio,

170 1744 245 1812 quod
268 1744 383 1798 minime
407 1744 443 1797 ab
467 1743 591 1811 antiquis
615 1745 726 1798 videtur
745 1746 879 1798 secutum.
917 1745 952 1810 cf.
971 1745 1077 1799 Santra
1092 1746 1127 1810 [r.
1144 1748 1176 1796 11.

241 1856 404 1906 280-280θ
423 1853 455 1905 de
476 1851 633 1905 ‘vehemens'
654 1858 679 1905 et
694 1851 886 1922 ‘reprehendit'
902 1851 937 1917 cf.
955 1850 1048 1921 Quint.
1065 1855 1127 1916 1,5,
1142 1853 1176 1902 19.
1218 1841 1219 1862 ’

174 1923 240 1978 Gall.
256 1927 283 1989 2,
299 1928 324 1988 3,
340 1929 398 1991 laq.
419 1929 444 1989 5,
460 1927 504 1988 12,
520 1928 561 1976 10.
583 1927 627 1988 10,
642 1928 667 1989 5,
683 1927 708 1976 6.
743 1923 866 1977 Macrob.
883 1927 949 1989 as,
964 1926 1008 1977 18.
1042 1922 1114 1975 Don.
1127 1922 1175 1974 Ter.

171 1995 250 2048 andr.
275 1998 302 2060 2,
316 1999 344 2061 2,
359 1999 395 2047 16
405 1995 419 2048 ¹.
476 1996 552 2048 Aua.
582 1994 694 2048 Coraci.
723 2011 767 2062 op.
793 1994 915 2048 Cassiod.
943 1994 1011 2048 ortt.
1036 2011 1066 2062 p.
1086 1997 1143 2056 153,
1157 1995 1175 2043 7.

172 2070 288 2133 159,18.
327 2067 420 2120 Albia.
436 2066 504 2120 ortt.
520 2083 549 2134 p.
566 2069 680 2132 306,13.
702 2070 763 2130 311,
772 2069 818 2119 26.
856 2066 888 2119 de
904 2066 1000 2119 ‘alica’
1016 2065 1097 2120 Paul.
1111 2063 1177 2118 Fert

166 2155 196 2206 p.
213 2142 238 2203 7,
253 2141 296 2190 17.
325 2138 358 2192 de
373 2137 488 2191 ‘saras’
504 2137 587 2191 Paul.
602 2137 677 2191 Fest.
688 2140 791 2206 p.102,
803 2142 843 2190 11.
879 2137 932 2191 Vel.
948 2137 1077 2206 aonap.
1088 2137 1176 2200 88,19,

170 2209 243 2264 Sera.
258 2209 328 2263 Aea.
345 2215 369 2274 1,
383 2212 446 2262 289.
474 2210 507 2262 de
522 2208 663 2262 ‘cohortes'
686 2209 773 2262 Varro
787 2208 819 2261 de
833 2210 849 2261 l.
866 2209 900 2262 L.
912 2213 938 2273 5,
953 2212 999 2261 88.
1034 2207 1088 2261 Vel.
1099 2205 1175 2274 Lana.

169 2298 197 2350 p.
214 2284 315 2346 74,16.
348 2281 380 2334 dc
400 2280 527 2334 ‘hareaa'
550 2279 628 2334 Olor.
650 2296 679 2346 p.
695 2283 757 2344 103,
771 2283 815 2333 21.
850 2281 926 2332 Mar.
953 2279 1020 2333 Via.
1041 2295 1070 2347 p.
1084 2281 1126 2342 21,
1138 2279 1175 2329 21.
1219 2309 1220 2320 .

177 2352 230 2405 Vel.
255 2353 344 2420 Loca.
363 2369 393 2420 p.
415 2355 517 2415 81,10.
558 2351 630 2404 Sero.
655 2352 685 2404 ia
708 2350 783 2404 Doa.
802 2368 832 2419 p.
853 2354 914 2416 444,
928 2355 975 2404 28.
1018 2350 1096 2403 Beda
1117 2347 1175 2402 ortt.

167 2440 196 2492 p.
211 2427 275 2488 271,
290 2427 333 2475 17.
363 2422 464 2476 Aaecd.
481 2423 518 2476 H.
534 2439 564 2490 p.
577 2421 690 2476 CXXX
696 2421 743 2475 VI.
773 2423 854 2476 Proh.
875 2421 951 2492 Vera.
966 2439 991 2491 9.
1008 2427 1033 2486 1,
1048 2425 1090 2474 70.
1116 2417 1174 2472 la'd.

171 2512 209 2549 or.
226 2499 268 2560 16,
283 2499 366 2560 3,11.
392 2498 436 2559 19,
451 2498 495 2560 10,
509 2497 554 2548 21.
578 2494 610 2547 de
625 2493 750 2548 ‘haedus'
768 2494 855 2547 Varro
870 2493 902 2547 de
916 2495 933 2546 l.
949 2493 983 2547 L.
999 2498 1025 2558 5,
1039 2496 1082 2546 97.
1103 2489 1173 2544 Paul

172 2565 246 2621 Fert.
266 2570 350 2633 1284,
366 2571 382 2618 5
399 2568 454 2632 (83,
469 2568 495 2618 9.
524 2569 586 2631 103,
600 2568 636 2623 8),
668 2565 726 2618 Ter.
747 2564 842 2619 scae.
859 2581 888 2631 p.
905 2569 947 2629 11,
962 2569 988 2618 3.
1018 2568 1061 2629 13,
1074 2568 1098 2617 8.
1129 2559 1173 2614 Vel.

171 2638 259 2706 Loap.
275 2655 305 2705 p.
320 2641 364 2701 81,
379 2643 403 2688 9.
440 2636 472 2691 de
492 2636 566 2690 ‘cilo’
587 2636 622 2701 cf.
641 2636 677 2702 fr.
697 2639 758 2689 354,
795 2636 827 2689 de
851 2635 983 2702 ‘pulcher’
1010 2634 1097 2704 Caper
1116 2631 1173 2686 aa.

170 2726 197 2775 p.
218 2713 262 2774 93,
276 2712 303 2761 2.
341 2709 450 2762 Probae
468 2709 536 2762 catla.
556 2725 587 2776 p.
603 2712 648 2772 38,
662 2711 707 2761 27.
749 2708 822 2761 Doa.
845 2707 903 2761 Tea
929 2700 1172 2772 aadr.1,1,101¹.

172 2780 244 2834 Sero.
270 2780 345 2849 Vera.
368 2797 394 2850 p.
410 2784 436 2845 3,
450 2783 513 2834 223.
547 2779 633 2832 Schol.
658 2780 741 2833 Bern.
764 2795 852 2848 peorp.
876 2779 943 2832 ibid.
967 2779 999 2832 da
1024 2771 1171 2831 ‘Graccho’

174 2851 266 2920 Quint.
283 2856 308 2917 1,
323 2855 349 2916 5,
363 2855 407 2904 20.
440 2857 582 2919 praetcrea
600 2851 635 2916 cf.
661 2851 749 2904 Varro
767 2849 800 2903 de
818 2851 835 2903 l.
855 2850 890 2903 L.
906 2854 932 2914 5,
947 2852 990 2903 73.
1027 2849 1097 2904 δην.
1115 2847 1171 2900 Aa.

173 2927 198 2989 1,
211 2927 274 2977 213.
309 2923 383 2975 Verr.
398 2922 445 2976 Fl.
463 2922 500 2987 fr.
517 2927 541 2976 5.
570 2922 665 2987 Latro,
688 2922 720 2975 de
739 2922 825 2975 Arist.
841 2921 912 2974 stad
929 2919 1031 2974 Hom.¹
1046 2936 1074 2988 p.
1090 2921 1170 2982 317sq.

171 2995 237 3048 adas.
262 3011 292 3063 p.
312 2996 374 3048 323.
431 2995 509 3060 Bia,
542 2994 590 3047 der
618 2993 725 3047 Hiatus
753 2993 794 3046 oea
821 2993 942 3046 Plaataa
974 2993 1078 3059 (Mart.
1104 2987 1171 3048 1901)

167 3070 310 3135 p.109sq.
331 3069 426 3134 135a1.

600 3180 665 3237 281
688 3173 761 3257 [59]

241 3287 272 3345 in
295 3288 419 3345 accentu
445 3286 572 3345 materia
595 3286 675 3345 locus
703 3288 734 3343 et
760 3288 869 3343 natura
895 3283 1052 3361 prosodiae
1077 3281 1170 3342 brasis

173 3377 246 3433 sime
269 3375 470 3450 conprehensa
494 3381 572 3434 sunt.
608 3393 679 3433 narn
701 3375 828 3432 materia
851 3390 914 3433 esse
937 3372 1104 3432 ostenditur
1119 3384 1171 3432 vat

174 3466 203 3519 et
227 3480 262 3520 ea
285 3462 407 3536 quidem
430 3482 491 3537 qua
513 3462 604 3522 verba
626 3465 751 3538 possunt
774 3479 888 3536 souare,
910 3461 941 3519 id
965 3467 1010 3522 est
1033 3457 1172 3536 scripulis

173 3549 256 3606 locus
280 3552 379 3607 autem
398 3549 524 3624 syllaba,
547 3550 687 3625 quoniam
711 3549 784 3608 haec
802 3549 922 3626 proprie
940 3549 1025 3610 verbi
1048 3567 1114 3626 pars
1130 3547 1171 3614 eila
