2444 3902
154 195 221 258 210
304 193 508 249 Grammatioae
528 193 630 247 aetatis
650 191 842 247 Varronianae
861 191 1019 262 fragmenta

152 355 282 408 meritum
308 371 325 408 a
343 353 423 409 Livio
442 352 614 420 Salinatore,
638 352 716 406 ouius
735 351 839 406 liberos
858 348 1018 418 erudiebat,
1040 349 1154 404 libertate
1205 317 1206 366 3

152 425 273 565 §tomice
290 426 408 564 {rotwile
422 426 503 479 Accii
520 442 609 480 errore
627 425 661 490 of.
682 425 765 491 Reiff.
784 423 857 479 aaa.
876 425 934 479 rell.
950 440 979 492 p.
993 426 1030 478 23
1048 423 1084 476 od
1100 421 1154 487 fat

224 609 239 657 2
259 603 288 658 C.
308 596 372 658 add.
391 604 498 657 Hosius

640 735 681 794 56

217 862 235 920 l.
259 861 287 920 Ι.
334 878 411 920 anno
434 863 504 936 post
526 861 652 918 Romam
676 858 827 919 eonditum
856 859 1092 937 quingentesimo
1111 874 1155 913 un·

150 950 329 1010 devicesimo
350 949 399 1024 Sp.
416 948 564 1008 Carvilius
582 949 671 1026 Ruga
689 950 804 1024 pn‘mus
822 948 935 1006 Romae
955 947 991 1006 de
1010 947 1155 1005 amicorum

149 1041 299 1100 sententia
328 1039 491 1098 divortium
519 1056 586 1096 eum
615 1056 708 1097 uxore
738 1037 819 1111 feeit,
851 1036 932 1114 quod
960 1036 1063 1096 sterila
1092 1035 1156 1093 esset

149 1130 337 1204 iurassetque
370 1127 449 1203 apud
483 1145 618 1187 censores
649 1145 772 1186 uxorem
802 1144 833 1185 se
862 1125 990 1184 liberum
1016 1142 1154 1201 *quaeruu-

123 1217 256 1276 odorum
284 1234 374 1276 eausa
400 1216 523 1290 habere,
553 1216 715 1290 eodemque
743 1234 821 1274 anno
847 1214 897 1274 Gn.
920 1215 1053 1274 Naevius
1078 1215 1155 1289 poeta

149 1306 268 1366 fabulas
293 1306 374 1382 apud
397 1306 543 1381 populum
566 1304 657 1378 dedit,
689 1323 776 1379 quem
799 1304 838 1362 M.
857 1305 954 1363 Varro
971 1304 1009 1361 'in
1032 1303 1106 1361 libro
1128 1299 1155 1358 de

147 1398 245 1471 poetis
277 1395 374 1471 primo
407 1393 557 1469 stipendia
588 1394 693 1453 fecisse
726 1395 771 1452 ait
801 1393 882 1452 bello
911 1393 1040 1452 Poenico
1070 1391 1155 1467 primo

147 1485 240 1560 idque
263 1485 365 1560 ipsum
382 1484 530 1542 Naevium
555 1477 662 1562 [FPR
680 1477 769 1562 2B.]
794 1483 892 1541 dieere
915 1484 947 1539 in
970 1501 1005 1540 eo
1029 1482 1155 1548 cuimine,

148 1573 228 1649 quod
260 1574 296 1632 de
330 1572 432 1632 eodem
463 1572 541 1631 bello
574 1571 702 1648 scripsit.
751 1571 877 1630 Poroius
914 1574 1013 1629 autem
1046 1569 1154 1628 Licinus

108 1665 243 1722 userius
262 1662 412 1739 poetieam
424 1661 537 1721 Romae
557 1661 687 1737 coepisse
702 1660 776 1718 dicit
793 1663 826 1720 in
839 1661 886 1720 his
900 1659 1034 1720 versibus
1051 1653 1099 1738 [fr.
1115 1649 1155 1734 1]:

236 1767 364 1828 Poenico
386 1767 465 1826 bello
490 1767 619 1827 seeundo
642 1767 729 1826 Musa
752 1767 878 1842 pinnato
902 1766 1017 1844 gradu,

236 1857 339 1916 intulit
362 1875 392 1916 se
415 1856 587 1916 bellicosam
610 1857 642 1914 in
664 1856 787 1914 Romuli
811 1859 929 1934 gentem
953 1855 1056 1914 feram.

220 1964 289 2019 (tell.
305 1969 348 2032 17,
362 1969 408 2031 21,
422 1969 457 2018 44
476 1990 535 2018 anno
555 1963 657 2017 deinde
676 1982 727 2027 post
741 1997 767 2006 -
781 1978 861 2018 aarum.
890 1964 998 2018 deloco
1017 1961 1110 2017 Lioim
1124 1957 1154 2022 cf.

146 2035 212 2102 Leo,
231 2037 274 2091 ΡΖ.
294 2036 329 2090 F.
344 2055 374 2106 p.
390 2040 469 2105 58aq.

219 2148 233 2194 1
252 2142 365 2213 undem]
384 2143 515 2196 vicesimo
534 2141 619 2196 tertio
640 2143 708 2196 Gall.
724 2147 750 2209 4,
765 2145 825 2208 3,2
915 2148 930 2193 3
950 2140 1055 2194 sterilis
1072 2139 1152 2194 Panis.

146 2219 163 2265 4
177 2213 372 2281 quaerundum
388 2214 536 2268 (1211616.
575 2219 591 2266 6
607 2211 668 2285 On]
683 2232 718 2283 .g.
734 2214 827 2268 Paria.
843 2229 866 2267 o.
878 2213 975 2284 Regia.
992 2211 1155 2267 5970t1646

151 2284 225 2339 Voss.
236 2285 300 2339 Lat.
312 2284 343 2338 F
354 2290 408 2341 112
424 2286 560 2356 Maqliab.
577 2286 689 2338 centum
700 2285 774 2338 Voss.
785 2284 851 2338 Lat.
862 2284 892 2338 F
897 2289 914 2339 7
969 2289 984 2337 θ
1000 2278 1153 2354 (primum)

147 2363 211 2410 ante
226 2355 306 2410 dedit
323 2357 425 2424 Teuffel
501 2361 516 2408 9
532 2373 588 2424 quo
603 2356 701 2427 Reqia.
717 2359 772 2410 597
790 2355 864 2410 Voss.
880 2356 945 2410 Lat.
961 2355 991 2408 F
1004 2360 1022 2408 7
1096 2353 1153 2406 Por·

146 2427 221 2481 oium
239 2458 274 2467 -
288 2427 418 2480 licinium
436 2426 554 2482 servius:
573 2443 622 2481 em.
645 2429 804 2482 Torrentius
821 2435 848 2482 et
867 2427 965 2482 Gamo
983 2425 1109 2482 Porcium
1125 2453 1153 2462 -

146 2498 238 2552 dicere
258 2499 365 2553 Ritsotl
383 2506 407 2552 at
425 2499 531 2554 Scaena
549 2499 614 2568 (Ra.
634 2499 711 2554 Mas.
731 2499 835 2569 5419)

633 2667 675 2725 57

212 2790 272 2850 tl.
303 2791 476 2850 inmortales
499 2793 641 2851 mortales
665 2793 691 2850 si
714 2791 792 2850 foret
815 2791 860 2850 fas
884 2790 963 2864 flere,

304 2878 408 2938 flerent
431 2878 517 2938 divae
542 2879 688 2939 Camenae
711 2881 862 2938 Naevium
885 2883 1014 2955 poetam.

304 2969 408 3044 itaque
430 2972 590 3044 postquam
614 2972 659 3030 est
678 2967 775 3028 Oreho
799 2968 929 3027 traditus
951 2969 1099 3043 thesauro,

304 3057 392 3117 obliti
415 3061 484 3117 sunt
506 3058 619 3118 Romae
641 3059 759 3134 loquier
781 3058 887 3136 lingua
909 3057 1026 3118 Latina

217 3166 284 3220 Gall.
305 3170 330 3232 1,
343 3168 380 3218 24
405 3165 491 3218 trium
514 3167 661 3233 poetarum
684 3164 847 3218 inlustrium
870 3165 1088 3236 epigrammata,
1112 3162 1154 3217 (lu.

143 3235 245 3290 Naevii
263 3235 359 3290 Plauti
382 3236 414 3289 Μ.
430 3235 558 3304 Pacuvii¹
582 3252 655 3304 quae
674 3237 730 3306 ipsi
754 3235 881 3290 fecerunt
903 3237 933 3290 et
950 3235 1101 3290 incidenda
1118 3251 1153 3286 ee-

142 3306 239 3375 pulcro
258 3324 309 3361 suo
328 3306 503 3374 reliquerunt
515 3339 558 3361 -.
579 3308 753 3377 epigramma
770 3307 873 3361 Naevii
887 3306 1003 3376 plenum
1016 3306 1153 3376 superbiae

143 3377 316 3446 Campanae,
343 3378 419 3446 quod
444 3379 638 3433 testimonium
663 3395 723 3432 esee
748 3379 855 3432 iustum
877 3379 1027 3447 potuisset,
1051 3379 1105 3432 nisi
1122 3375 1153 3429 ab

142 3447 205 3516 ipso
221 3447 330 3502 dietum
344 3450 418 3502 esset
432 3449 572 3518 [FPRp.
582 3454 648 3516 296,
658 3451 742 3520 313.]:
757 3463 1015 3504 mortua-nnana
1030 3449 1154 3505 Varrone

143 3519 188 3572 De
202 3521 291 3586 poetis
309 3520 377 3573 liter
388 3522 500 3587 primas
518 3522 592 3574 brevi
608 3522 647 3574 ad
663 3521 797 3575 Plautum
816 3522 861 3590 (fr.
877 3523 924 3589 59)
942 3521 1007 3588 sona
1020 3522 1151 3576 audam

143 3588 177 3653 cf.
194 3587 390 3654 Kretaaotmer,
409 3589 440 3642 de
459 3591 493 3643 A.
512 3591 578 3646 Gall.
598 3593 768 3658 10611152.
792 3592 885 3647 Reate
898 3593 965 3647 ats'd.
985 3596 1029 3648 26.
1056 3590 1153 3646 Mera·
