2442 3902
144 119 210 184 350
291 118 496 173 Grammaticae
516 119 618 173 aetatis
637 119 827 174 Varronianae
846 119 1005 188 fragmenta

614 291 681 350 392

208 396 398 456 Interamnae
418 399 448 457 et
461 396 628 456 Antemnae
647 397 744 456 dictae
764 399 841 472 sunt,
861 397 941 473 quod
959 396 1034 456 inter
1051 413 1125 455 annes

142 484 203 545 sint
225 489 341 562 positae
364 488 413 546 vel
436 488 505 546 ante
529 504 560 545 ss
581 486 712 545 habeant
735 505 844 546 amnes

214 587 297 640 Pan.
312 585 385 640 Feci.
397 603 427 654 p.
442 590 487 652 17,
502 591 519 640 6
535 600 660 639 amneses
680 585 860 654 appellantur
877 585 961 640 urbes
980 586 1049 640 sitae
1064 597 1128 654 prope

143 672 261 724 amnem,
281 659 313 709 ut
332 675 349 710 a
366 657 625 740 marimantimae.
657 658 732 710 unde
749 671 892 739 inarmis
907 688 940 697 -
955 683 1035 740 ennea
1064 655 1129 736 Vane

142 728 1130 868 tt'atstaitmsspiittmitffl,titutatttssjttffit

141 871 382 1009 [ξεινιυαηῐὲεἴῑὲἴθ
383 889 446 998 361171
471 872 550 941 asp.
569 877 595 926 et
617 871 730 942 Buccis]
754 871 849 924 influit
871 871 901 925 in
925 871 1054 926 Tiberim.
1084 871 1130 923 itin

614 1054 679 1110 393

208 1157 274 1216 vult
303 1157 400 1216 Varro
430 1157 549 1217 Icarum
580 1157 685 1216 Orotan
717 1156 760 1215 ibi
793 1151 838 1236 [in
861 1157 961 1216 Icoeic
988 1149 1072 1233 niori]
1098 1156 1130 1210 in·

140 1246 244 1306 terisse
263 1247 420 1324 naufragio
436 1249 465 1306 et
480 1247 516 1306 de
530 1249 614 1307 exitu
629 1247 758 1306 hominis
777 1247 943 1322 inpositum
961 1244 1132 1304 nomenlocc.

212 1344 298 1400 Soic‘n.
318 1346 415 1400 collect.
432 1350 475 1412 11,
490 1351 527 1401 30
545 1362 594 1400 vua
612 1361 678 1415 ergo
698 1361 889 1400 vano—1000.

214 1449 227 1496 1
248 1445 340 1497 cretae
358 1445 399 1498 nel
418 1446 520 1499 erotem
538 1445 668 1499 nonnulli
686 1444 761 1499 codd.

619 1580 684 1636 394

208 1683 304 1742 Varro
323 1683 444 1742 Latium
463 1683 521 1742 dici
545 1687 641 1761 putat,
665 1684 743 1764 quod
764 1685 841 1744 latet
857 1683 950 1743 lania
972 1684 1048 1742 inter
1067 1697 1134 1756 prae-

140 1774 245 1848 cipitia
268 1772 391 1850 Alpium
415 1777 446 1832 et
468 1773 626 1849 Apennini.
770 1831 772 1836 .

211 1871 283 1926 Seno.
303 1873 372 1925 Aen.
388 1876 415 1939 8,
430 1875 485 1927 322
504 1875 533 1926 et
546 1871 688 1942 Vergilius
707 1871 819 1924 Latium
837 1870 898 1924 vult
916 1869 983 1939 dici,
1002 1869 1072 1939 quod
1087 1865 1134 1920 illic

140 1941 276 1996 Sami-nus
299 1942 390 1997 latuit.
415 1975 450 1983 -
473 1958 546 1998 virro
569 1945 663 1998 autem
682 1957 770 1997 nanum
785 1975 818 1983 -
833 1953 953 2004 Apennini.
982 1941 1089 2011 quidam
1103 1937 1134 1989 ic·

138 2016 205 2068 runt
230 2030 248 2067 a
266 2014 367 2069 Latino
393 2015 501 2068 dictum
524 2015 647 2083 Latium,
674 2014 724 2068 alii
750 2015 842 2083 ipsum
866 2013 999 2067 Latinum
1023 2029 1039 2066 a
1061 2009 1133 2064 Latio.

139 2086 174 2152 cf.
194 2086 262 2140 Isid.
282 2103 320 2140 or.
341 2089 384 2152 14,
403 2093 428 2152 4,
447 2090 492 2142 18.
520 2091 671 2154 15,1,50.
706 2085 786 2142 OGL
805 2087 855 2140 IV
869 2090 931 2152 449,
949 2090 994 2143 26.
1026 2083 1134 2150 Sonscini

138 2158 174 2224 fr.
190 2164 214 2211 1.
244 2158 324 2212 aliter
347 2157 435 2212 Varro
454 2159 486 2212 de
506 2159 522 2212 1.
542 2159 575 2213 L.
598 2161 624 2226 5,
638 2162 682 2212 32.

212 2261 225 2308 1
246 2254 368 2324 prasoip.
387 2255 489 2310 Hnmb.
509 2257 659 2325 praerupta
677 2257 758 2310 anniti
775 2256 852 2310 codd.

613 2391 680 2448 395

160 2584 171 2641 l
206 2495 286 2597 biota
300 2494 405 2574 Libya,
421 2529 461 2536 -
477 2499 512 2556 ut
526 2495 622 2557 Varro
643 2499 695 2572 ait,
714 2495 799 2573 quasi
819 2499 933 2557 λιπιυια
952 2495 985 2555 id
1003 2500 1046 2556 est
1063 2507 1135 2571 egens

119 2597 121 2601 '
138 2605 158 2660 p
172 2604 267 2646 uviae.

210 2683 283 2739 Sero.
303 2686 372 2738 Aen.
393 2690 419 2751 1,
432 2689 471 2741 22
488 2700 549 2740 oica
567 2687 662 2740 autem
680 2698 759 2750 libya,
776 2684 822 2738 vel
840 2684 915 2752 quod
938 2684 1006 2738 inde
1023 2682 1073 2736 libe
1089 2680 1134 2740 flet

139 2754 191 2808 hoc
217 2756 260 2810 ost
286 2755 397 2822 africus,
423 2756 466 2811 vel
484 2775 510 2812 ut
523 2773 596 2812 varro
611 2788 644 2797 -
658 2771 755 2819 pluviae.
791 2758 854 2811 item
880 2755 966 2810 Senot.
993 2758 1024 2810 in
1045 2756 1134 2808 Lucan·

140 2832 164 2893 1,
179 2830 241 2882 368.
275 2829 309 2894 cf.
329 2828 397 2883 Isia.
417 2845 455 2883 or.
471 2833 514 2896 14,
529 2834 593 2895 4,1,.
623 2834 688 2896 5,1.
721 2828 981 2900 Hyyin.fab.149.

212 2929 225 2977 1
245 2921 342 2980 tincta
361 2933 410 2980 τοῦ
430 2924 489 2980 ὕειν
508 2944 550 2998 cy.

611 3062 677 3119 396

205 3167 237 3224 in
259 3168 429 3226 universam
452 3166 631 3243 Hispaniam
653 3167 691 3224 M.
712 3166 808 3224 Varro
836 3167 1004 3241 pervenisse
1027 3162 1134 3224 Hiberos

139 3258 169 3312 et
186 3255 291 3314 Persas
315 3257 345 3312 ot
367 3254 531 3314 Phoenicas
551 3254 709 3331 Celtasque
733 3258 764 3314 ot
785 3253 900 3314 Poenos
923 3255 1030 3330 cridia
1051 3254 1133 3312 lusum

139 3343 216 3399 enim
234 3341 335 3400 Liberi
353 3345 449 3417 patris
469 3347 522 3402 aut
544 3345 655 3419 lyssam
676 3362 743 3402 cum
764 3364 798 3403 oo
817 3344 1028 3403 bacchantium
1044 3355 1133 3401 nomen

139 3427 253 3486 dedisse
276 3428 449 3489 Lusitaniae
473 3435 503 3489 et
526 3431 609 3491 Pana
632 3434 815 3509 praefectum
840 3435 902 3492 eius
926 3433 1084 3494 universae.

210 3525 285 3576 Ptin.
305 3544 332 3577 n.
352 3528 376 3578 b.
397 3533 423 3593 3,
438 3534 456 3581 8
474 3544 499 3582 tn
512 3545 638 3586 nnlversam
653 3562 686 3570 —
701 3545 822 3585 universae,
