2442 3902
124 161 189 226 398
274 160 479 214 Grammaticae
498 161 600 214 aetatis
621 160 810 214 varronianae
829 159 990 229 fragmenta

123 350 208 405 rem,
236 330 328 405 quod
351 333 528 406 arguatur
550 329 640 386 male
663 330 783 388 facere
805 327 994 388 voluisse?
1040 348 1130 387 nemo

85 440 111 480 so
125 422 261 494 opinor,
279 438 358 478 nam
372 438 449 496 ego,
469 417 561 494 quod
576 418 683 477 adme
699 419 845 493 attinet,
864 413 1002 477 nolim'.
1036 418 1129 477 deinde

124 509 216 584 paulo
239 509 319 567 infra
341 508 415 567 dicit
439 501 487 587 [V
504 501 600 586 5J.]:
632 501 735 582 ‘quid
762 505 879 566 nunc?
924 525 1035 583 ecqua
1061 513 1130 565 tan-

125 598 202 656 dem
224 597 282 656 lex
300 602 354 656 est
375 601 449 656 tam
468 597 608 672 acerba,
633 616 722 672 quae
741 597 841 655 dicat
864 592 923 656 “si
944 601 1024 672 quie
1047 593 1131 655 illud

124 688 244 746 faeere
272 687 449 762 voluerit,
482 686 584 746 mille
611 687 728 744 minus
758 686 948 745 dimidium
978 685 1131 744 familiae

126 776 240 834 multa
267 779 358 850 esto,
385 775 515 851 siquis
538 776 619 850 plus
642 777 843 852 quingenta
861 775 988 852 iugera
1010 776 1129 833 habere

87 885 113 924 es
127 865 300 938 voluerit,
318 868 423 923 tanta
441 880 554 940 poena
568 868 657 937 esto,
673 865 797 939 siquis
811 864 981 924 maiorem
995 882 1130 940 pecuum

126 973 310 1012 numerum
332 953 462 1012 habere
481 954 654 1028 voluerit,
677 956 819 1012 tantum
843 955 989 1014 damnas
1013 946 1130 1013 esto'’l

128 1043 232 1118 atqui
263 1061 326 1102 noe
363 1042 623 1118 omniaplura
658 1043 792 1103 habore
823 1044 1004 1118 volumus,
1039 1049 1070 1102 et
1097 1039 1129 1097 ii

127 1131 230 1192 nobis
249 1134 394 1208 impune
418 1127 492 1192 est'.
537 1135 643 1208 postea
665 1133 710 1192 ita
733 1133 807 1192 dicit
830 1127 913 1212 [Vc
926 1127 990 1212 J.]:
1013 1127 1082 1192 ‘sed
1102 1129 1130 1188 ei

127 1223 295 1280 honorem
313 1239 383 1280 non
402 1241 551 1297 aequum
570 1225 624 1280 est
641 1223 767 1282 haberi
786 1222 826 1282 ob
847 1240 920 1280 eam
939 1242 1027 1295 rem,
1049 1217 1128 1296 quod

75 1331 114 1370 roo
128 1310 215 1369 bene
237 1311 358 1370 facere
376 1311 534 1370 voluisse
553 1313 634 1386 quis
653 1312 745 1371 (licit
767 1331 880 1386 neque
898 1312 989 1370 feeit
1011 1315 1129 1379 tamen,

128 1399 368 1460 Rodiensibus
392 1400 524 1473 oberit,
555 1399 647 1475 qnod
669 1419 738 1460 non
761 1401 1052 1475 malefecerunt,
1078 1395 1129 1456 sei

129 1488 214 1564 quia
233 1489 393 1547 voluisse
416 1488 587 1547 dicuntur
608 1485 767 1548 facere?'
804 1490 851 1548 his
871 1492 1052 1568 argumentis
1069 1487 1130 1546 'liro

130 1577 247 1635 Tullius
269 1578 308 1636 M.
334 1577 477 1638 Catonem
505 1577 680 1637 contendere
704 1583 734 1636 et
757 1577 898 1636 conficere
921 1579 995 1637 dicit
1017 1577 1129 1636 Rodien·

130 1667 211 1726 sibus
230 1686 348 1742 quoque
366 1667 487 1742 impune
506 1684 569 1726 esse
587 1666 700 1740 debere,
725 1667 805 1742 quod
822 1667 922 1726 hostes
941 1666 1060 1743 quidem
1076 1681 1130 1723 esse

77 1775 116 1814 ios
131 1755 236 1831 populi
263 1755 392 1815 Romani
418 1757 596 1830 voluissent,
626 1758 661 1813 ut
687 1758 740 1831 qui
766 1756 894 1816 maxime
921 1775 982 1814 non
1009 1755 1130 1814 hhseut

131 1845 313 1904 dissimulari
337 1849 435 1904 autem
458 1865 518 1904 non
540 1863 627 1920 posse
650 1845 702 1919 ait,
726 1845 799 1920 quin
820 1848 906 1920 paria
925 1850 956 1904 et
979 1842 1132 1904 consimilia

131 1953 190 1992 non
205 1935 266 1992 sint
279 1935 346 2010 plus
362 1936 526 2012 quingenta
543 1935 648 2012 iugera
663 1933 773 1993 habere
786 1935 871 2009 velle,
890 1934 972 2010 quod
988 1933 1131 2010 plebiscito

132 2022 263 2083 Stolonis
281 2023 466 2098 prohibitum
483 2025 551 2097 tuit,
570 2027 600 2082 et
617 2023 730 2082 bellum
747 2025 892 2082 iniustum
911 2028 1001 2099 atque
1018 2021 1130 2097 impium

131 2113 243 2188 populo
271 2112 405 2172 Romano
433 2114 529 2172 facere
557 2113 647 2187 velle,
674 2132 770 2188 neque
796 2115 868 2172 item
900 2112 1026 2171 infitiari
1047 2126 1131 2187 posse,

78 2221 118 2260 110
133 2203 206 2275 quin
225 2201 286 2260 alia
301 2219 390 2261 causa
408 2203 440 2260 in
458 2203 590 2278 praemio
605 2203 652 2276 sit,
672 2202 733 2260 alia
750 2204 782 2260 iu
800 2203 926 2278 poenis
944 2220 1023 2260 nam
1039 2200 1129 2258 bene·

130 2289 220 2349 ficia
247 2290 347 2366 inquit
373 2293 551 2366 promissa
574 2293 737 2368 opperiri
759 2294 904 2367 oportet
927 2309 1040 2366 neque
1061 2289 1130 2347 ante

130 2382 355 2438 remunerari
374 2399 476 2457 quam
495 2382 594 2440 facta
611 2383 698 2452 sint,
720 2381 876 2440 iniurias
896 2383 1015 2440 autem
1031 2373 1128 2437 immi·

132 2471 253 2528 nentis
270 2473 499 2544 praecavisse
518 2470 654 2529 iustum
675 2473 729 2528 est
743 2489 846 2546 quam
869 2469 1128 2545 exspectavisse.

133 2576 268 2617 summa
285 2559 378 2618 enim
398 2559 578 2633 professio
601 2559 790 2618 stultitiae
812 2559 913 2635 inquit
935 2561 990 2617 est
1007 2576 1072 2616 non
1086 2556 1129 2612 ire

80 2666 118 2706 ns
133 2645 275 2706 obviam
294 2647 492 2706 sceleribus
511 2647 700 2726 cogitatis,
724 2646 784 2707 sed
801 2666 944 2706 manere
967 2643 1129 2723 opperiri·

133 2754 213 2811 que,
243 2738 283 2793 ut
311 2754 386 2796 oum
414 2736 569 2798 admissa
592 2741 626 2796 et
652 2740 867 2813 perpetrata
893 2738 1045 2811 fuerint,
1070 2736 1130 2791 tum

133 2824 301 2901 denique,
332 2826 394 2886 ubi
426 2845 515 2901 quae
546 2827 646 2885 facta
678 2830 762 2885 sunt
793 2827 931 2885 infecta
962 2825 1046 2884 fieri
1075 2838 1131 2880 non

132 2916 298 2991 possunt,
320 2915 545 2990 poeniantur.

207 3049 275 3103 Gen.
291 3054 317 3115 6,
331 3054 356 3117 3,
371 3055 389 3104 8
408 3050 566 3122 [postquam
584 3067 696 3106 caueam
714 3052 849 3107 orationis
866 3068 885 3104 o
904 3050 1006 3104 Cotem
1019 3063 1070 3118 pro
1085 3043 1132 3099 Rc·

134 3121 274 3176 dieosibar
295 3091 404 3176 habitae
427 3122 598 3194 explanavit]
621 3121 686 3177 Tiro
710 3126 805 3176 autern
828 3120 997 3175 Tulliue-
1022 3115 1131 3188 prolecto

134 3191 198 3260 plus
224 3209 308 3246 ausus
334 3195 378 3248 est
402 3210 487 3261 quam
511 3197 544 3247 ut
568 3193 713 3248 tolerari
705 3194 869 3264 ignoscique
889 3192 993 3261 possit.
1027 3198 1132 3254 namquo

135 3263 287 3331 epistulam
303 3264 473 3346 conseripsit
491 3265 525 3318 ad
547 3264 578 3329 Q.
592 3266 729 3336 Axium[
719 3265 845 3336 [anxium
863 3263 953 3334 codd]
981 3259 1131 3316 familiam

134 3334 247 3400 patroni
267 3334 311 3386 sui
330 3335 502 3388 confidenter
519 3336 603 3390 nimis
618 3341 647 3390 et
661 3335 840 3461 cdideffizlh
833 3335 877 3388 de
886 3335 965 3390 codd
965 3333 1029 3406 ],1n
1042 3324 1131 3405 quui·

136 3401 225 3456 bimet
246 3404 324 3456 visum
343 3408 386 3457 est
408 3393 563 3459 orationem
586 3407 671 3460 istam
682 3425 744 3490 ,pro
812 3405 956 3460 dienaibus
980 3401 1073 3472 aori[
1062 3401 1131 3472 [Μ

136 3472 225 3542 codd]
249 3473 401 3541 subtilique
419 3475 525 3529 iudicio
543 3478 742 3561 percensuieee
779 3493 813 3532 ex
836 3493 871 3532 ea
888 3475 1012 3545 epistula
1027 3471 1131 3527 lubitum

137 3540 209 3592 forte
227 3542 309 3594 nobis
328 3547 371 3596 aab
387 3545 615 3618 reprehensiones
634 3549 694 3603 eius
713 3549 850 3618 quaedam
869 3548 1020 3618 εὴὴίιιςειες
1044 3539 1131 3598 mtl⁰¹⁰
