2534 3908
511 156 552 209 De
574 155 753 210 bibliothecis
1035 156 1139 210 XXVII

121 345 187 385 cnm
210 327 367 398 venissem,
385 325 424 384 M.
441 325 593 398 Catonem,
616 345 704 400 quem
727 326 769 384 ibi
793 345 855 384 esse
878 327 1050 399 nesciorum,
1073 325 1136 383 vidi

120 418 151 473 in
179 415 377 474 bibliotheca
399 414 563 488 sedentem,
599 414 702 472 multis
730 416 944 474 circumfusum
968 413 1138 474 Stoicorum
1165 433 1177 472 s

120 505 213 564 libris.
260 502 336 563 Isid.
365 521 407 562 or.
434 507 461 572 6,
487 505 515 572 5,
541 507 558 562 1
590 503 694 562 deinde
727 498 805 582 [poet
826 503 986 562 Aemilium
1009 504 1138 562 Paulum

120 595 247 652 Rornanr
285 595 426 652 librorum
458 595 570 666 copiam
602 587 731 671 aduenit]
764 592 936 652 Lucullus
965 613 980 651 e
1012 591 1137 652 Pontica

120 683 233 757 praeda
257 675 298 760 [a.
325 675 474 760 684(70].
517 683 585 740 itera
602 682 678 740 Par.
697 683 783 742 Diae.
805 681 902 743 OGK
916 683 971 742 IV
991 684 1065 750 333,
1086 685 1136 740 13.

120 773 198 830 Plut.
213 771 332 830 Lucull.
349 773 392 830 42
410 769 544 848 σπουδῆς
564 763 591 829 δ’
606 767 672 843 ἄξια
691 768 741 830 nul
760 770 848 850 λόγου
866 768 902 830 sd
919 769 986 845 περὶ
1004 769 1059 847 τὴν
1078 779 1137 829 τῶν

121 860 246 938 βιβλίων
273 851 465 937 κατασκευήν.
511 857 560 918 καὶ
587 857 642 938 γὰρ
670 857 763 919 πολλὰ
791 857 840 919 καὶ
867 856 1053 940 γεγραμμένα
1083 883 1135 917 κα·
1151 879 1175 918 ιο

121 953 179 1021 λῶς
210 957 354 1028 συνῆγεν,
384 947 403 1026 ἦ
433 970 462 1008 τε
492 956 593 1027 χρῆσις
619 941 658 1027 ἦν
686 946 890 1028 φιλοτιμοτέρα
918 956 970 1026 τῆς
998 948 1136 1025 κτήσεως,

121 1035 286 1110 ἀνειμένων
309 1047 380 1096 πᾶσι
402 1045 462 1096 τῶν
485 1038 689 1116 βιβλιοθηκῶν
712 1035 762 1096 καὶ
785 1046 843 1096 τῶν
862 1036 928 1118 περὶ
947 1035 1038 1109 αὐτδις
1055 1058 1136 1116 περι-

121 1126 222 1187 ττάτων
259 1125 309 1186 καὶ
346 1126 561 1205 σχολαστηρίων
602 1124 758 1198 ἀκωλύτως
799 1124 1025 1204 ὑποδεχομένων
1067 1125 1136 1197 τοὺς

114 1211 263 1293 Ἕλληνας
287 1215 381 1294 ὥσπερ
401 1214 443 1286 εἰς
466 1218 603 1274 Μουσῶν
626 1239 653 1274 τι
679 1214 862 1295 καταγώγιον
889 1213 980 1276 ἐκεῖσε
1008 1223 1135 1292 φοιτῶν-

122 1328 172 1376 τας
195 1302 247 1364 ιιαλ
275 1304 559 1384 συνδιημερεύοντας
586 1301 722 1382 ἀλλήλοις
750 1302 808 1364 ἀττὸ
831 1313 890 1364 τῶν
913 1301 1009 1364 ἄλλων
1031 1313 1136 1383 χρειῶν
1151 1325 1175 1364 is

121 1391 257 1471 ἀσμένως
280 1390 500 1472 ἀποτρέχοντας.

123 1592 131 1644 z
192 1523 218 1574 5.
246 1520 461 1646 de26be'ble'otbeaa
490 1520 678 1589 Tyrannionis
702 1522 816 1574 maioris
841 1520 876 1585 cf.
902 1537 989 1590 supra
1012 1520 1056 1574 De
1079 1519 1136 1573 lud.

132 1593 172 1646 εδδ.
191 1598 249 1646 test.
309 1633 315 1644 .
986 1620 988 1625 ·

213 1709 241 1764 6.
268 1705 340 1766 dell.
360 1708 389 1775 3,
410 1709 460 1775 10,
481 1709 523 1764 17
550 1709 615 1764 tum
644 1706 687 1764 ibi
718 1700 764 1785 [in
786 1709 884 1780 primo
913 1706 1137 1766 Hebdousadurn

128 1789 250 1874 Varro]
276 1795 360 1853 addit
383 1814 413 1854 se
441 1813 559 1871 quoque
586 1795 646 1854 iarn
671 1795 875 1854 duodecimam
899 1815 1045 1855 annorum
1067 1794 1136 1852 heb-

123 1884 282 1943 domadem
313 1885 479 1961 ingressum
512 1902 574 1942 esse
607 1887 636 1942 st
669 1883 706 1943 ad
740 1905 807 1943 sum
835 1885 912 1943 diem
946 1885 1137 1961 septuaginta

122 1973 322 2032 hebdomadas
353 1973 499 2032 librorum
532 1974 748 2048 conscripsisse,
782 1994 817 2032 ex
849 1973 968 2049 quibus·
990 1975 1136 2048 aliquam·

123 2064 241 2137 multos,
266 2081 333 2122 cum
351 2063 534 2138 proscriptus
553 2066 638 2136 esset,
661 2062 785 2139 direptis
804 2062 1040 2122 bibliothecis
1063 2064 1137 2120 suis
1165 2081 1177 2120 s

122 2172 178 2211 non
202 2152 411 2226 comparuisse.
456 2153 490 2218 ss.
511 2152 549 2206 id.
570 2156 613 2218 14,
634 2156 659 2218 7,
679 2156 703 2206 3.

188 2289 218 2343 7.
245 2283 303 2343 aa.
328 2286 367 2344 ad
389 2284 449 2343 Art.
476 2288 504 2353 1,
530 2288 579 2352 10,
601 2289 620 2343 4
645 2279 685 2364 [a.
713 2280 851 2365 687f67]
876 2285 1137 2343 bibliothecam

123 2376 219 2434 tuem
243 2392 315 2433 cave
334 2375 472 2450 cuiquem
491 2374 681 2449 despondeas
701 2377 837 2449 quamvis
857 2394 955 2434 acrem
974 2377 1137 2433 amatorem

122 2465 279 2522 inveneris.
315 2464 354 2522 td.
373 2463 443 2522 ibid.
464 2466 594 2532 4,14,1
615 2457 657 2542 [a.
678 2459 759 2543 700(
765 2458 819 2543 54]
844 2465 934 2523 velim
958 2464 1077 2522 domum
1099 2463 1136 2521 ad

122 2555 151 2611 te
173 2552 297 2626 scribas,
319 2554 354 2610 ut
376 2553 451 2610 mihi
473 2552 519 2610 tui
541 2551 612 2610 libri
635 2555 757 2627 pateant
780 2573 839 2613 non
864 2571 946 2611 secus
966 2571 1000 2611 ec
1024 2554 1050 2611 si
1072 2553 1136 2627 ipse

122 2641 248 2715 adesses,
272 2659 339 2700 cum
361 2643 452 2700 ceteri
474 2644 541 2699 tum
564 2640 716 2700 Varronis
761 2643 796 2710 cf.
816 2643 882 2697 ruia
898 2647 942 2708 13,
956 2645 999 2709 31,
1017 2646 1044 2696 2.
1060 2647 1138 2708 32,2
1165 2651 1176 2689 ὁ

121 2729 144 2776 et
156 2723 322 2792 praesertim
340 2728 365 2788 1,
384 2727 410 2788 4,
429 2726 453 2776 3.

189 2839 218 2896 8.
245 2835 304 2896 Cic.
327 2836 362 2896 de
385 2836 443 2895 dia.
462 2840 492 2905 2,
513 2839 534 2896 8
555 2839 588 2896 in
610 2837 849 2912 bibliothece,
873 2857 949 2913 quas
971 2839 1003 2895 in
1027 2837 1137 2913 Lycio

121 2929 173 3000 est,
198 2924 376 2985 adsedimus.
413 2927 533 2998 Louna
555 2929 730 2998 γγαιιιασιυαι
753 2935 812 2982 erat
838 2929 1001 2995 Tusculani,
1029 2928 1062 2982 de
1085 2945 1137 2997 quo

121 3016 154 3082 cf.
177 3017 218 3070 id.
242 3016 281 3070 ad
304 3016 362 3070 An.
383 3021 408 3082 1,
427 3020 452 3081 4,
472 3020 497 3070 3.
517 3021 560 3082 10,
580 3021 605 3071 3.
625 3022 649 3071 4.
670 3022 713 3082 11,
733 3021 757 3072 3.
791 3017 824 3071 de
846 3017 900 3070 διὐ.
921 3022 946 3082 1,
965 3021 992 3071 8,
1033 3017 1073 3075 id.
1098 3017 1138 3074 ad

121 3098 181 3162 Aa.
203 3107 275 3172 1,7
307 3100 432 3180 [Mune
464 3123 491 3163 a.
513 3098 653 3184 cassus]
688 3109 719 3164 tu
750 3105 840 3164 velim
870 3124 913 3180 ea,
944 3124 1021 3181 quae
1050 3105 1136 3163 nobis

121 3195 226 3253 emisse
250 3194 281 3251 et
302 3211 424 3269 parasse
452 3193 569 3268 scribis,
599 3194 649 3253 des
678 3213 800 3270 operam
827 3197 976 3269 utquam
1006 3196 1136 3270 primum
1165 3215 1176 3254 s

120 3281 291 3357 habeamus,
310 3284 340 3341 et
357 3283 449 3341 velim
468 3282 579 3360 cogites
595 3283 627 3341 id
642 3283 721 3359 quod
734 3283 809 3341 mihi
823 3284 974 3358 pollicitus
990 3301 1029 3357 es,
1048 3303 1136 3358 quem

120 3372 157 3430 ed
179 3371 303 3430 modum
317 3371 534 3430 ‘bibliothecam
554 3365 743 3452 [Tusculani]
767 3371 852 3432 nobis
872 3372 1013 3431 conficere
1031 3373 1135 3448 possis.

120 3459 158 3519 id.
171 3460 243 3520 ibid.
258 3461 330 3529 2,1,
344 3463 386 3520 12
401 3454 525 3539 [Romae
540 3479 566 3519 a.
585 3453 665 3541 6944
670 3455 724 3540 60]
738 3461 847 3521 Paetus
863 3493 905 3502 -
920 3479 1021 3520 omnes
1035 3460 1137 3538 librae,

121 3568 192 3625 quos
215 3551 311 3608 freter
334 3568 404 3610 suus
428 3543 504 3628 [Ser.
525 3543 681 3629 Claudius]
705 3551 885 3626 reliquisset,
907 3549 981 3607 mihi
1004 3547 1136 3607 donavit.
