2504 3904
433 259 469 311 M.
489 259 628 314 Antistius
647 259 740 314 Labeo
1027 260 1090 324 561

80 429 203 502 dictum,
236 447 343 487 munus
377 430 517 503 speciem,
551 449 620 486 nam
652 449 759 488 munus
792 447 854 488 esse
885 428 995 488 donum
1026 448 1093 488 cum
1231 489 1232 510 ,

80 535 175 589 causa,
199 520 233 576 ut
255 520 329 594 puta
353 517 536 593 natalicium,
560 518 766 594 nuptalicium.

149 617 214 686 Diq.
235 619 338 681 50,16‚
353 620 406 669 194
435 629 493 670 iuter
511 631 594 670 donum
612 647 639 655 -
657 629 811 678 nuptallcium.
857 616 891 681 cf.
914 617 983 670 [sid.
1008 633 1046 672 or.
1067 622 1092 683 6,

78 692 122 754 19,
135 690 214 756 2666.
243 703 307 755 app.
327 686 444 740 XXIII
458 686 518 753 ctc'ff.
537 689 606 741 corb.
622 691 684 740 108.

421 822 462 877 14
493 813 562 897 [icc.
586 820 643 878 scd.
670 813 747 898 166]

144 927 257 985 furtum
281 946 298 985 a
321 926 407 984 furvo
434 925 466 984 id
490 928 535 984 est
561 927 647 1003 nigro
671 926 784 985 dictum
807 925 906 985 Labeo
930 926 981 1002 ait,
1011 928 1092 1003 quod

77 1017 155 1074 clam
179 1019 209 1074 et
232 1015 355 1074 obscuro
378 1015 431 1073 fiat
455 1018 485 1074 et
506 1016 682 1090 plerumque
705 1018 799 1074 nocte.

149 1115 214 1184 Diq.
229 1118 273 1181 47,
286 1118 313 1180 2,
329 1117 400 1182 Ipr.
419 1112 524 1167 Paulus
543 1113 615 1167 libro
634 1113 799 1183 trigensimo
818 1131 891 1168 nono
907 1115 944 1167 ad
958 1114 1090 1170 edictum.

76 1201 162 1240 sextum
175 1201 286 1240 -noota
318 1187 353 1252 cf.
368 1185 457 1240 Varro
475 1187 511 1252 fr.
526 1190 587 1240 131.

390 1319 433 1377 15
456 1313 516 1398 [De
538 1320 602 1377 c’crc
619 1322 700 1390 pont.
722 1312 778 1396 12]

147 1426 279 1484 olvatum
302 1425 452 1484 Antistius
475 1425 574 1484 Labeo
598 1427 642 1482 ait
665 1441 727 1484 csse
750 1443 904 1485 mensurae
928 1444 1029 1504 genus.

147 1525 221 1578 Fest.
236 1541 266 1592 p.
285 1526 367 1590 205⁶,
382 1528 400 1577 7
418 1539 517 1578 olvatum
530 1556 557 1562 -
571 1549 646 1587 genus.
682 1540 736 1578 vox
753 1527 849 1594 iqnota
866 1531 912 1579 681.

513 1660 555 1715 16
583 1651 654 1735 [10]

144 1765 262 1840 penatis
290 1764 484 1842 singulariter
506 1763 605 1822 Labeo
629 1763 779 1822 Antistius
802 1783 887 1840 posse
911 1765 971 1824 dici
993 1767 1091 1842 putat,

72 1854 148 1930 quia
172 1853 331 1929 pluraliter
357 1855 481 1928 penates
505 1852 652 1926 dicantur,
679 1871 748 1911 cum
774 1856 908 1928 patiatur
934 1856 1090 1931 proportio

70 1945 167 2002 etiam
190 1962 281 2018 penas
305 1942 371 2017 dici,
394 1947 429 2002 ut
452 1944 581 2019 optimas
603 1943 716 2018 primas
739 1941 855 2002 Antias.

147 2041 221 2095 Fest.
236 2059 266 2110 p.
286 2045 369 2108 253‘1,
388 2046 406 2096 9
424 2055 510 2103 penatis
523 2072 550 2080 -
564 2051 649 2094 Antias.

147 2155 163 2200 2
182 2147 276 2216 portio

426 2230 469 2284 17
492 2221 638 2305 [166666.
661 2220 738 2305 106]

141 2336 286 2410 possessio
316 2333 468 2410 appellata
496 2336 552 2408 est,
584 2337 619 2391 ut
649 2336 679 2392 et
706 2333 804 2392 Labeo
836 2335 891 2407 ait,
924 2355 941 2392 6
972 2335 1089 2395 sedibus

69 2426 162 2502 quasi
190 2423 313 2498 positio,
343 2425 414 2499 quia
441 2422 622 2481 naturaliter
648 2425 767 2480 tenetur
790 2421 827 2481 ab
851 2441 885 2483 so
910 2423 961 2498 qui
989 2425 1017 2483 ei
1044 2427 1089 2483 in·

67 2513 164 2586 sistit,
189 2531 278 2588 quam
302 2510 406 2571 Graeci
429 2510 556 2590 κατοχὴν
579 2512 690 2570 dicunt.

145 2612 212 2681 Diq.
231 2615 275 2677 41,
293 2614 320 2677 2,
335 2615 350 2664 1
361 2627 406 2680 pr.
425 2625 533 2673 posscssto
547 2642 574 2650 -
588 2625 672 2664 dicunt.

146 2724 160 2770 1
182 2733 199 2770 6
216 2717 296 2786 pedis
315 2717 428 2771 sedibus
448 2719 483 2771 H
488 2717 664 2788 Ganncpcctcr

396 2852 438 2908 18
464 2847 523 2926 [Dc
545 2845 762 2929 16666613]
863 2850 867 2858 '

140 2959 254 3032 potitus
283 2953 446 3034 servitu<te
475 2957 511 3014 ab
536 2958 667 3032 antiquis
696 2952 869 3034 dicebatur>
893 2957 958 3033 qui,
987 2961 1022 3017 ut
1045 2959 1089 3018 ait

61 3047 183 3122 Labeo,
208 3043 404 3122 servitu<tcm
428 3041 549 3122 servit).

145 3145 219 3200 Fert.
234 3163 265 3214 p.
284 3149 367 3211 25001,
386 3151 422 3200 30
440 3159 525 3207 pontus
538 3173 565 3183 -
580 3143 697 3216 (seruc).

373 3280 413 3336 19
438 3271 502 3357 [Ac
518 3281 613 3352 praet.
637 3271 789 3356 616615]

138 3387 361 3461 praevaricator
382 3387 426 3444 est
446 3386 531 3460 quasi
552 3385 711 3459 varicator,
735 3385 787 3458 qui
806 3384 952 3446 diversam
971 3389 1088 3462 partem

55 3475 199 3534 adiuvat
228 3475 347 3552 prodita
376 3493 465 3534 causa
496 3493 562 3548 sua,
593 3473 670 3548 quod
700 3492 807 3532 nomen
835 3474 933 3534 Labeo
962 3479 1088 3535 avaria

55 3567 235 3624 certatione
256 3566 385 3623 tractum
410 3565 461 3638 ait,
484 3583 554 3621 narn
578 3565 630 3638 qui
651 3565 884 3640 praevaricatur,
908 3561 943 3623 ex
962 3554 1096 3643 utraque*

51 3656 156 3732 parte
181 3655 324 3729 constitit,
348 3653 420 3728 quin
442 3653 532 3711 immo
557 3672 591 3711 cx
615 3651 747 3712 adversa.

123 3763 292 3804 Grammaticos
305 3763 422 3802 Romanas
439 3763 567 3810 fragmenta
583 3761 618 3802 cd.
633 3761 755 3801 Funerum
840 3757 873 3805 36
