2442 3902
142 182 207 248 252
296 181 503 237 Grammatieae
522 181 624 234 aetatis
643 180 834 234 Varronianae
852 177 1012 248 fragmenta

572 350 635 407 191
660 342 731 427 [99]

208 456 273 514 LI.
320 457 459 515 caltula
487 458 542 514 est
568 455 762 530 palliolum
791 454 1036 529 praecinetui,
1077 452 1166 530 quod

141 545 256 604 nudae
280 545 376 603 infra
399 545 560 620 papillas
583 545 874 620 praecinguntur.

212 644 287 698 Noa.
310 661 340 712 p.
357 647 422 710 548,
438 647 473 697 33
499 641 635 696 caltulam
656 641 747 696 Varro
773 642 808 694 de
831 641 891 695 vita
916 641 1016 711 populi
1042 641 1166 696 Romani

140 714 190 769 lib.
205 714 218 767 Ι
235 713 384 783 palliolum
398 714 482 768 breve
500 713 591 768 voluit
604 713 717 768 haberi:
740 728 824 766 cartula
841 745 868 752 -
886 727 1081 777 praecingam„
1103 714 1166 781 ‘quo

141 785 272 911 nirurlligrtes
298 803 372 839 nune
399 787 428 838 et
451 801 482 839 eo
506 784 598 855 magia
622 786 748 848 utuntur,
773 785 924 853 posequam
946 783 1101 838 subuculis
1127 785 1166 838 de

141 873 182 912 ⁸⁶
215 952 228 1000 1
250 945 371 999 castula:
391 963 439 999 em.
460 945 589 1016 Lindsay
661 945 748 1012 quod:
769 959 823 1010 quo
843 945 883 998 ed.
902 963 927 998 a.
948 947 1019 997 1471

573 1096 637 1154 195
662 1090 733 1174 [11]

209 1205 226 1262 l.
247 1205 274 1262 1.
325 1204 465 1278 cocula,
508 1205 570 1278 qui
607 1202 809 1279 coquebant
849 1221 975 1278 panem
1011 1204 1165 1277 primum

144 1292 208 1352 sub
232 1293 364 1368 einero,
387 1296 514 1368 postea
538 1293 573 1350 in
597 1293 707 1351 forno.

214 1392 287 1446 Noa.
312 1409 342 1460 p.
368 1394 434 1457 531,
457 1395 495 1446 27
522 1389 611 1444 Varro
640 1390 675 1443 de
701 1389 762 1443 vita
789 1389 887 1459 populi
915 1389 1034 1443 Romani
1067 1389 1120 1444 lib.
1144 1389 1165 1442 1:

142 1477 220 1516 eooura
233 1495 260 1501 -
273 1476 378 1516 inform.
410 1463 444 1529 ef.
464 1463 548 1516 Paul.
569 1461 640 1516 Fert.
656 1479 687 1530 p.
702 1466 747 1528 39,
762 1465 787 1514 3.

215 1557 228 1602 1
258 1549 375 1605 eoeebab
398 1553 481 1620 (eoq.)
504 1552 629 1620 plerique
657 1550 732 1604 codd.
819 1549 940 1617 primum
968 1567 1020 1604 om.
1039 1551 1167 1619 plerique
1218 1575 1219 1578 ¹

142 1622 219 1677 codd.
294 1628 309 1674 2
329 1622 451 1675 cinerem
470 1621 546 1677 codd.
564 1629 673 1690 praeter
691 1622 783 1676 Paris.
803 1624 876 1676 7666

573 1774 637 1830 191
661 1766 732 1850 [99]

146 1877 148 1884 '
209 1879 274 1938 LI.
320 1880 357 1937 in
380 1880 523 1954 postica
545 1882 649 1954 parte
674 1882 752 1937 erat
774 1879 909 1952 colina,
937 1879 1035 1938 dieta
1060 1879 1106 1937 ab
1130 1899 1166 1937 eo

143 1968 238 2043 quod
261 1967 313 2026 ibi
336 1968 505 2026 colebant
528 1969 652 2044 ignem.

213 2067 287 2120 Non.
303 2084 333 2135 [9,
354 2070 398 2132 55,
417 2070 454 2119 19
472 2065 561 2120 Varro
581 2066 616 2119 de
634 2066 694 2119 vita
712 2066 811 2135 populi
829 2065 949 2122 Romani
967 2065 1016 2120 lib.
1036 2065 1062 2120 I:
1101 2069 1168 2135 ‘qua

142 2137 191 2190 fini
206 2137 244 2191 eit
258 2139 353 2191 antica
372 2138 401 2190 ee
414 2137 532 2205 postica.
558 2152 583 2191 in
596 2151 682 2200 postica
695 2170 722 2176 -
734 2152 817 2201 ignem.
831 2136 1049 2206 lueupleeiomm
1066 2139 1167 2192 domne

142 2207 356 2333 ffirgrntfaerine
380 2208 519 2278 angustiis
544 2209 721 2277 paupertinis
745 2211 872 2276 coactae,
898 2209 960 2276 ipsa
982 2209 1101 2263 nomina
1120 2210 1165 2262 de-

215 2374 229 2422 1
249 2367 344 2421 eulina
356 2368 454 2439 Luyd.
474 2370 563 2437 (Voss,
579 2369 643 2424 Lat.
658 2369 688 2422 F
700 2372 745 2438 73)
765 2367 858 2422 eolina
877 2369 929 2423 arii
946 2369 1023 2424 codd.

573 2522 637 2577 197
661 2513 733 2599 [19]
770 2497 776 2513 ’

211 2627 280 2684 LI.
332 2625 367 2684 in
405 2644 525 2685 eorum
566 2628 659 2684 enim
695 2628 807 2686 saeris
855 2627 931 2685 liba
968 2645 1045 2686 eum
1082 2633 1167 2686 sunt

143 2716 255 2790 faeta,
286 2716 426 2774 ineerni
456 2715 571 2774 solere
595 2715 705 2774 farris
736 2717 886 2790 semine3
913 2734 952 2774 ae
979 2716 1102 2776 dicere
1127 2736 1165 2775 se

143 2823 182 2864 ea
204 2805 372 2863 februare
395 2803 432 2862 id
455 2807 509 2863 est
531 2823 620 2880 pura
642 2805 769 2863 faeere.

214 2903 289 2957 Nea.
305 2921 335 2972 p.
355 2906 473 2969 114,17
495 2901 625 2955 februare
648 2902 772 2970 positum
809 2920 840 2956 ro
863 2919 985 2973 purgare
1003 2906 1034 2958 et
1051 2903 1166 2973 putesn-

143 2989 213 3029 eere.
251 2973 340 3027 Varro
369 2974 404 3027 de
431 2973 492 3027 vita
520 2972 618 3042 populi
646 2972 766 3027 Remani
790 2920 840 3027 fib.
859 2973 884 3029 I:
912 2990 1028 3028 aneorum
1042 2989 1165 3030 —rm

142 3048 177 3114 cf.
202 3045 291 3100 Varro
315 3045 347 3100 de
365 3047 383 3099 l.
403 3046 437 3099 L.
459 3051 484 3112 6,
504 3049 539 3098 13
560 3045 670 3099 februm
694 3043 792 3099 Sabini
815 3048 1041 3116 purgamenrum.
1080 3047 1164 3101 Paul.

143 3117 216 3172 Fert.
232 3134 263 3186 p.
282 3122 327 3183 99,
342 3121 385 3171 19.
416 3116 501 3172 oea
516 3116 542 3170 V
558 3121 620 3182 911,
636 3121 679 3171 72.

215 3221 231 3269 2
250 3214 394 3268 incarnare
416 3215 595 3285 Quideeratue
668 3212 757 3267 solere
775 3216 887 3283 servaei:
906 3214 999 3269 solent

573 3367 638 3423 198
662 3359 733 3443 [42]

212 3469 276 3526 l.I.
322 3470 505 3527 urceolum
537 3489 650 3544 aquae
682 3471 822 3528 manale
855 3490 1035 3546 vocamus,
1069 3472 1164 3546 quod

145 3572 183 3611 eo
216 3573 307 3628 aque
338 3559 374 3612 in
405 3558 579 3615 trulleum
616 3558 844 3634 effundatur3
880 3560 972 3618 unde
1008 3557 1164 3620 manalis
