2444 3902
160 185 225 251 160
307 185 514 240 Grammaticae
533 187 635 241 aetatis
654 185 848 242 Varronianus
867 187 1025 257 fragmenta

231 351 272 401 14.
297 346 369 402 Suet.
389 347 461 416 Αιιμ.
481 351 517 401 94
547 363 602 416 quo
628 350 712 400 natus
739 349 782 400 est
807 348 853 401 die
880 348 1085 418 [Οοίαοίανιιιο],
1107 363 1166 399 cum
1207 357 1208 362 ’

159 419 195 472 de
205 416 343 472 Catilinae
358 419 550 472 coniuratione
564 420 696 488 ageretur
708 417 739 471 in
754 419 832 472 curia
845 421 874 474 et
883 418 1017 473 Octavius
1032 419 1068 473 ob
1081 419 1167 472 uxoris

157 490 339 559 puerperium
353 490 442 543 serius
457 489 602 554 adfuisset,
617 491 685 543 nota
700 504 733 542 ac
742 490 859 560 vulgata
873 507 916 544 res
931 493 975 544 est
989 491 1019 544 P.
1030 490 1168 560 Nigidium
1204 524 1209 547 ι

159 563 304 630 comperta
323 577 418 614 morae
437 578 529 628 causa,
548 563 580 614 ut
594 561 692 615 horam
710 578 822 630 quoque
840 565 938 631 partus
958 563 1106 631 acceperit,
1125 563 1168 614 ad·
1204 556 1211 644 ’γ

158 633 283 686 firmasse
302 632 448 687 dominum
465 634 604 686 terrarum
623 632 684 686 orbi
702 635 810 686 natum.
1207 605 1213 715 ή

232 726 274 776 15.
296 722 369 776 Caua.
381 723 551 787 Dl045,1‚3
565 721 628 789 ἀρτι
642 741 671 776 τε
685 720 781 784 ὀπαῖς
796 723 990 812 [Octavianus]
1007 721 1169 792 ἐγεγέννητο,

161 793 209 846 καί
223 791 356 862 Νιγίδιος
372 789 507 861 Φίγονιίος
521 792 671 864 βουλευτής
684 812 763 857 παρα
782 801 856 863 ρῆμα
871 795 946 867 αὐτῷ
956 815 1008 862 τήν
1023 792 1170 882 αὖταργίαν

159 863 358 932 ἐμαντεύσατο·
385 863 486 931 ἀριστα
508 864 562 934 γὰρ
585 873 641 918 τῶν
665 861 737 918 καθ’
758 815 859 919 damon
888 863 939 931 τήν
963 886 992 919 τε
1016 873 1067 920 τοῦ
1089 868 1169 920 noluo

159 934 344 1004 διακόσμησιν
359 937 407 989 οιαὶ
421 935 471 998 τὰς
485 943 540 990 τῶν
554 933 678 1002 ἀστέρων
693 934 843 1003 διαφοράς,
862 934 915 990 ὅσα
928 955 957 990 τε
972 933 1043 991 καθ’
1063 935 1171 996 ἑαυτοὺς

160 1003 321 1077 γιγνόμενοι
343 1007 392 1061 καί
416 1004 468 1060 ὅσοι
492 1007 693 1076 σνμμιγνήνιες
718 1006 844 1071 ἀλλήλοις
867 1007 898 1062 ἐν
921 1027 950 1061 τε
973 1017 1036 1071 ταῖς
1060 1005 1172 1076 ὁμιλίαις

160 1079 209 1131 οιαὶ
225 1076 256 1132 ἐν
270 1087 331 1141 ταῖς
344 1077 523 1132 διαστάσεσιν
541 1079 715 1144 ἀποτελοῦσι,
740 1077 840 1147 διέγνω
859 1079 908 1132 καί
932 1079 1004 1133 κατὰ
1028 1078 1171 1134 τοῦτοκαὶ

160 1147 256 1202 αἰτίαν
275 1148 312 1212 ὥς
330 1169 409 1210 τινας
427 1149 604 1219 ἀπορρήτους
623 1148 770 1220 διατριβὰς
788 1150 956 1219 ποιούμενος
976 1151 1063 1220 ἔσχεν.
1099 1145 1172 1208 οὗτος

161 1217 212 1275 οὖν
226 1218 288 1274 τότε
306 1221 356 1275 τὸν
369 1217 531 1275 Ὀκταούϊον
551 1221 723 1293 βραδύτερον
743 1220 771 1282 ἐς
788 1220 819 1274 τὸ
835 1219 984 1288 συνέδριον
999 1222 1049 1276 διὰ
1066 1219 1115 1277 τὸν
1129 1228 1172 1275 τοῦ

159 1291 264 1352 παιδὸς
281 1290 366 1347 τόκον
386 1292 475 1364 (ἐτνγε
490 1291 543 1362 γὰρ
558 1291 643 1363 βουλὴ
660 1289 741 1361 οὖσα)
762 1291 963 1359 ἀπαντήσαντα
983 1292 1112 1361 ἀνήρετο,
1130 1290 1172 1346 διὰ

160 1361 187 1416 τί
211 1362 359 1434 ἐβράδυνε·
389 1365 438 1418 καί
463 1365 565 1433 μαθὼν
590 1363 641 1432 τήν
666 1361 760 1417 αἰτίαν
785 1361 946 1435 ἀνεβόησεν,
975 1361 1017 1419 ὅτι
1042 1363 1173 1431 δεσπότην

160 1435 228 1504 ἡμῖν
248 1432 405 1504 ἐγέννησας.
443 1436 492 1489 ιιαί
515 1433 601 1489 αὐτὸν
625 1433 835 1504 ἐκταραχθέντα
861 1437 908 1490 ἐπὶ
932 1435 1022 1508 τούτῳ
1046 1437 1096 1490 καί
1119 1438 1173 1489 δια-

160 1511 284 1575 φθεῖραι
305 1508 337 1560 τὸ
362 1504 478 1560 παιδίον
502 1505 677 1573 ἐθελήσαντα
703 1505 817 1576 ἐπέσχεν
840 1507 935 1573 εἰπών,
969 1506 1012 1561 δτι
1036 1504 1173 1562 ἀδύνατόν

161 1579 218 1631 ἐστι
227 1575 364 1702 concord}
364 1597 389 1631 τι
401 1577 469 1631 αὐτὸ
480 1581 594 1632 παθεῖν.
619 1578 654 1643 cs.
665 1577 767 1631 Ζονιαν.
778 1579 873 1631 actual.
886 1584 980 1644 10,13.
1014 1578 1174 1634 Gedrenasl

156 1669 187 1721 p.
205 1655 257 1705 301
276 1651 316 1705 cd.
366 1665 429 1702 ονινι.

234 1762 275 1812 16.
296 1757 403 1810 Lucan.
424 1756 522 1810 Pharo.
543 1762 567 1823 1,
583 1761 637 1811 639
645 1773 683 1825 sq.

251 1848 281 1898 at
299 1845 425 1916 Figulus,
445 1845 490 1898 cui
509 1861 576 1899 cura
595 1845 661 1900 deos
682 1846 845 1913 secretaque
865 1843 936 1899 caeli

250 1932 333 1971 nosse
356 1916 419 1985 fuit,
443 1933 527 1986 quem
545 1933 602 1970 non
626 1915 771 1970 stellarum
789 1916 932 1986 Aegyptia
950 1915 1093 1985 Memphis

252 1990 387 2055 aequaret
404 1987 466 2041 visu
484 1987 663 2056 numerisque
684 1987 861 2041 moventibus
881 1989 965 2052 astra,

251 2061 301 2113 aut
318 2059 365 2113 hic
384 2062 467 2126 errat,
489 2059 538 2124 ait,
557 2059 636 2112 nulla
655 2075 719 2112 cum
736 2059 800 2129 lege
818 2077 869 2127 per
887 2075 987 2112 aevum

250 2131 371 2185 mundus
391 2132 419 2184 et
437 2130 544 2185 incerto
563 2131 724 2185 discurrunt
743 2130 837 2184 sidera
855 2132 942 2195 motu,

252 2204 302 2255 aut
320 2201 343 2254 si
362 2202 422 2256 fata
441 2203 561 2265 movent,
580 2202 643 2255 urbi
662 2202 814 2272 generique
832 2203 949 2270 paratur

251 2273 373 2327 humano
390 2276 502 2327 matura
521 2273 589 2328 lues.

234 2367 277 2417 17.
301 2363 368 2417 Gall.
394 2367 582 2429 19,14,1-3
614 2363 693 2416 aetas
720 2361 758 2415 M.
778 2360 920 2416 Ciceronis
948 2364 978 2416 et
1006 2361 1035 2416 C.
1057 2361 1175 2417 Caesaris

160 2435 318 2505 praestanti
341 2433 475 2488 facundia
497 2450 603 2503 paucos
622 2433 731 2498 habuit,
755 2433 948 2488 doctrinarum
966 2434 1064 2487 autem
1087 2432 1174 2488 multi-

163 2505 296 2560 formium
314 2505 511 2572 variarumque
535 2505 651 2572 artium,
684 2504 786 2573 quibus
813 2504 974 2558 humanitas
1000 2505 1115 2558 erudita
1132 2505 1175 2566 est,

162 2578 304 2632 columina
327 2576 428 2630 habuit
451 2577 488 2631 M.
509 2575 664 2630 Varronem
682 2580 711 2630 et
728 2576 758 2631 P.
778 2575 934 2645 Nigidium.
955 2607 988 2616 -
1008 2575 1175 2646 Nigidianae

161 2652 258 2704 autem
284 2649 531 2702 commentationes
550 2665 605 2702 non
629 2647 748 2717 proinde
770 2647 800 2700 in
824 2647 922 2717 volgus
941 2649 1053 2714 exeunt,
1083 2651 1112 2701 et
1133 2645 1173 2698 ot

163 2721 282 2775 scuritas
308 2719 508 2787 subtilitasque
532 2737 627 2772 eanum
651 2721 797 2787 tamquam
819 2735 919 2787 parum
942 2717 1021 2771 utilis
1046 2717 1174 2772 derelicta

162 2795 212 2846 est.
255 2797 280 2856 4,
295 2795 352 2857 9,1
380 2790 512 2860 Nigidius
540 2790 656 2860 Figulus
683 2792 776 2856 homo,
803 2792 836 2842 ut
863 2806 916 2860 ego
944 2789 1075 2856 arbitror,
1103 2791 1174 2843 iuxta

161 2864 199 2918 Μ.
214 2863 367 2917 Varronem
384 2862 564 2917 doctissimus
596 2866 622 2928 4,
637 2867 680 2928 16,
695 2867 710 2916 1
725 2861 761 2914 Μ.
777 2860 931 2915 Varronem
946 2862 974 2914 et
987 2860 1017 2914 P.
1032 2859 1173 2932 Nigidium

161 2935 235 2988 viros
249 2934 369 2988 Romani
388 2933 498 3004 generis
513 2933 689 2988 doctissimos
723 2938 846 3000 10,11,1
864 2932 894 2986 P.
905 2931 1037 3002 Nigidius
1053 2933 1136 2987 homo
1147 2929 1173 2982 in

162 3005 287 3061 omnium
300 3005 438 3059 bonarum
447 3003 551 3058 artium
566 3004 724 3073 disciplinis
734 3003 864 3074 egregius
891 3009 933 3069 11,
944 3008 1013 3069 11,1
1028 3003 1059 3057 Ρ.
1070 3001 1171 3074 Nigidii

161 3077 284 3161 hominis
294 3077 325 3130 in
335 3077 437 3160 studiis
451 3077 589 3130 bonarum
605 3075 708 3160 artium
722 3074 929 3158 praecellentis,
944 3091 1028 3143 quem
1038 3075 1076 3128 M.
1086 3075 1172 3129 Cicero

161 3147 1172 3290 usstttlllllltttllttttdtt?{tuttit‘letti

163 3291 346 3432 epuditissimi
379 3295 423 3357 17,
439 3297 463 3357 7,
478 3295 495 3343 4
513 3290 543 3343 Ρ.
553 3289 688 3360 Nigidius
703 3289 825 3344 civitatis
839 3289 984 3342 Romanae
999 3289 1170 3344 doctissimus

161 3381 196 3418 c.
216 3368 272 3418 test.
291 3369 317 3417 4.
346 3368 387 3417 10.

236 3456 280 3505 18.
299 3451 372 3505 Sero.
400 3451 469 3504 Αοιι.
500 3454 610 3516 10,175
641 3450 774 3520 Nigidius
807 3451 901 3504 autem
933 3449 1008 3504 solus
1040 3451 1085 3504 est
1114 3447 1170 3518 poti

163 3520 326 3585 Varronem,
353 3520 421 3575 licet
438 3521 528 3575 Varro
555 3521 710 3589 praecellat
738 3522 767 3574 in
795 3521 948 3591 theologia,
976 3521 1022 3574 hio
1049 3521 1081 3574 in
1105 3535 1170 3574 oon-

163 3591 295 3644 munibus
314 3591 430 3658 litteris3
449 3607 515 3644 uam
534 3594 651 3659 uterque
670 3595 819 3661 utrumque
838 3593 1017 3661 scripserunt.
