2442 3902
145 181 214 245 250
296 179 503 234 Grammaticus
522 180 625 234 aetatis
643 179 834 233 Varronianus
852 181 1015 249 fragmenta

142 354 296 426 susceptos
323 351 415 408 istum
443 350 589 425 accepisse
612 352 744 407 montem
768 342 984 428 [Auentinum],
1008 369 1102 424 quem
1133 351 1164 408 ab

145 441 261 499 Auente
279 439 370 498 fluvio
388 438 560 514 provinciae
579 457 650 498 suae
668 439 850 497 Aventinum
869 439 1113 514 appellaverunt.

216 538 289 592 Serv.
310 538 378 591 Aea.
399 541 429 603 7,
444 542 499 592 657
516 537 673 590 Aventinus
690 554 770 591 mons
788 536 865 590 urbis
883 537 991 591 Romae
1010 539 1061 602 est,
1083 554 1166 606 quen

145 611 257 663 constat
276 608 312 662 sb
332 607 431 661 avibus
450 625 510 662 esse
528 609 714 674 nominatum,
733 625 806 675 quae
820 608 855 661 <le
870 607 966 662 Tiberi
981 608 1166 662 ascendentes

145 680 205 734 illic
229 680 365 734 sedebant
389 711 430 733 -.
468 680 585 746 quidam
608 681 695 733 etiam
717 677 767 734 rex
784 679 984 749 Aboriginum,
1007 679 1166 734 Aventinus

145 751 267 818 nomine,
286 751 346 804 illic
365 753 394 804 ct
412 751 520 805 occisus
539 753 568 804 et
586 751 713 818 sepultus
732 752 784 819 cst,
802 751 875 804 sicut
889 751 976 804 etiarn
992 751 1166 805 Albanorum

145 841 194 877 rex
214 823 377 888 Aventinus,
397 822 443 875 cni
462 823 596 877 successit
614 822 724 876 Procas.
753 837 825 876 vano
844 824 940 875 tamen
958 836 1054 876 (11611-
1068 839 1166 886 appone

146 912 232 949 verunt.
251 895 286 960 ef.
306 895 392 949 Naeo.
413 894 448 960 fr.
464 899 489 950 1.
515 895 602 949 Varro
617 894 681 948 del.
696 895 730 948 L.
746 898 772 960 5,
786 897 831 948 43.
850 894 933 947 Paul.
948 894 1023 948 Fert.
1037 911 1065 962 p.
1083 899 1131 961 19,
1146 901 1167 949 1.

146 968 220 1021 Fert.
230 984 261 1035 p.
277 970 360 1031 ma,
375 968 419 1018 15.
439 966 501 1019 Lu.
517 971 542 1031 1,
557 970 600 1019 33.
620 966 738 1036 Auyust.
753 965 803 1019 cio.
819 967 845 1019 d.
861 969 906 1031 18,
921 969 966 1019 21.

220 1079 234 1125 1
250 1073 394 1141 ingentem
408 1071 493 1143 Saty.
504 1073 602 1143 Recio.
613 1073 692 1141 Lips.
709 1074 788 1126 Mon.
826 1077 842 1125 3
857 1071 961 1140 appell.
977 1074 1068 1126 arent.
1088 1075 1165 1127 Mos.

578 1224 644 1282 res
665 1216 736 1302 [23]

216 1342 358 1397 circenses
387 1338 473 1412 dicti,
503 1339 575 1412 quia
598 1338 812 1397 exhibebantur
838 1338 870 1395 in
894 1339 1021 1397 circuitu
1047 1339 1165 1397 ensibus

147 1429 262 1504 positis.

220 1527 293 1581 Seru.
312 1545 338 1597 9.
358 1530 440 1592 3,18
469 1527 594 1580 ‘centum
622 1525 805 1594 quadriiugos
834 1525 949 1595 agitabo
978 1527 1013 1579 ad
1040 1525 1165 1580 flumim’

148 1599 167 1651 i.
187 1614 211 1651 e.
237 1599 320 1651 unius
346 1597 404 1651 diei
430 1597 568 1651 exhibebo
594 1597 744 1664 circenses,
769 1597 852 1665 quia,
877 1599 909 1650 ut
932 1596 1022 1651 Varro
1046 1598 1120 1651 dicit
1141 1598 1167 1650 in

149 1669 229 1723 libris
249 1670 285 1724 de
303 1671 388 1740 gente
406 1669 505 1738 populi
524 1669 656 1736 Romani,
676 1668 744 1722 olim
762 1667 838 1722 XXV
856 1669 959 1721 missus
978 1669 1093 1722 fiebant.
1122 1670 1166 1722 ssd

148 1741 297 1794 vicesimus
335 1741 449 1808 quintus
487 1740 635 1794 dicebatur
668 1740 805 1805 aerarius,
842 1756 874 1793 eo
908 1739 985 1807 quod
1018 1741 1053 1793 de
1083 1740 1167 1794 collu-

149 1814 227 1866 tione
245 1811 345 1880 populi
364 1811 558 1866 exhibebatur.
583 1843 616 1851 —
643 1811 711 1864 olim
730 1811 854 1864 enimin
873 1809 956 1864 litore
973 1811 1099 1864 fluminis
1119 1812 1167 1865 cir-

151 1900 247 1938 censes
267 1883 457 1953 sgitabantur,
477 1884 507 1936 in
526 1881 616 1936 altero
634 1881 723 1936 latere
741 1882 842 1952 positis
862 1882 975 1952 gladiis,
993 1885 1027 1937 ut
1041 1881 1076 1936 ab
1092 1887 1167 1937 utra

150 1971 204 2023 que
222 1957 304 2024 parte
322 1959 396 2009 esset
414 1955 545 2025 ignaviae
564 1969 697 2022 praesens
719 1953 888 2022 periculum,
911 1954 988 2008 unde
1011 1957 1041 2008 et
1061 1969 1169 2009 errem·

149 2057 177 2067 -
195 2041 285 2092 ponus,
310 2026 379 2081 licet
397 2025 448 2080 alii
467 2044 485 2079 a
503 2026 702 2080 circumeundo
721 2025 818 2078 dicant
837 2025 974 2079 circenses
993 2027 1097 2079 vocam.
1134 2027 1165 2091 cs.

157 2099 244 2153 Varro
259 2097 291 2152 de
306 2099 322 2151 l.
338 2097 372 2151 L.
389 2102 487 2164 5,153.
507 2101 568 2151 154.
588 2097 661 2152 Sero.
677 2098 746 2150 Aen.
761 2101 789 2163 8,
804 2100 867 2151 636.
887 2096 954 2151 Iria.
970 2114 1010 2151 or.
1025 2101 1070 2163 18,
1084 2101 1131 2163 27,
1144 2101 1166 2150 3.

557 2248 577 2322 †
603 2249 666 2306 reo
691 2241 762 2326 [17]

218 2385 272 2425 noc
299 2368 379 2426 idem
406 2367 529 2440 propter
557 2363 640 2421 aliud
666 2362 830 2422 arbitretur
852 2362 1012 2423 historicus
1040 2357 1166 2442 [Varro]

151 2459 184 2515 in
216 2457 346 2515 Arcadia
380 2455 441 2513 tale
473 2472 581 2512 nornen
616 2452 756 2512 adfictum
789 2452 863 2510 Pani
896 2451 1013 2528 Lycaeo
1046 2457 1076 2511 et
1107 2451 1169 2511 Iovi

152 2546 269 2621 Lycaeo
293 2546 352 2604 nisi
375 2547 498 2621 propter
519 2543 596 2600 hanc
618 2544 650 2600 in
674 2542 760 2617 lupos
790 2541 945 2600 hominum
967 2544 1168 2612 mutationem,

154 2635 234 2712 quod
257 2653 323 2693 eum
346 2634 405 2691 nisi
427 2635 459 2692 vi
482 2633 585 2691 divina
607 2631 673 2689 fiori
694 2649 755 2689 non
781 2634 931 2704 putarent.
977 2630 1067 2705 lupus
1095 2631 1169 2688 enim

127 2739 259 2803 sgruece
278 2723 367 2793 λύκος
386 2723 504 2796 (licitur,
527 2720 605 2779 unde
625 2720 735 2795 Lycaei
753 2738 860 2778 nomon
880 2719 1006 2794 apparet
1025 2718 1168 2777 inflexum.

153 2815 304 2873 Romanos
334 2815 426 2870 etiam
448 2810 597 2887 Lupercos
626 2829 661 2868 ex
689 2809 811 2867 illorum
841 2810 1053 2883 mysteriorum
1080 2807 1169 2866 veluti

154 2905 264 2964 semine
288 2901 361 2961 dicit
385 2903 509 2960 exortos.

225 3004 344 3072 Auywst.
363 3002 412 3055 civ.
431 3000 458 3053 ἀ.
478 3003 528 3065 18,
547 3002 583 3053 17
601 3023 642 3052 neo
660 3012 720 3051 idem
739 3029 765 3036 —
783 3013 879 3050 exortos
929 2996 964 3063 cs.
990 2996 1074 3050 Paul.
1099 2992 1170 3048 Fosi.

150 3093 180 3145 p.
200 3077 321 3139 119,16.
348 3074 398 3126 boe
416 3071 452 3136 fr.
471 3087 533 3124 eum
552 3075 606 3124 186
624 3077 650 3124 et
668 3074 723 3123 190
740 3085 775 3122 ee
792 3083 869 3136 opere
888 3067 975 3137 Dey.
990 3084 1021 3135 p.
1041 3067 1076 3122 R.
1108 3065 1169 3118 dsc-

155 3153 213 3202 tum
236 3161 289 3200 esse
312 3160 345 3197 en
364 3143 482 3213 Auyust.
502 3142 568 3197 thid.
589 3145 635 3207 18,
648 3146 674 3194 8.
694 3145 730 3194 13
753 3141 859 3206 (6118,
879 3142 903 3193 3.
924 3143 948 3192 5.
969 3143 994 3192 9.
1014 3142 1057 3192 10.
1073 3142 1113 3191 16.
1126 3139 1169 3216 23.

133 3252 135 3258 .
154 3222 201 3288 40)
216 3223 306 3288 patet,
329 3231 363 3267 ne
382 3215 473 3268 dicam
491 3215 535 3267 hic
550 3213 697 3267 Varronem
718 3210 898 3266 ‘liceantur’
915 3211 1012 3264 diserte
1031 3209 1170 3278 appellen.

586 3365 651 3420 190
675 3355 746 3439 [13]
818 3357 823 3366 '

222 3481 352 3539 nominis
393 3479 481 3537 huius
524 3471 642 3554 [Arist
684 3493 736 3533 cur
774 3494 834 3534 non
873 3475 1076 3558 Apustium
1104 3478 1170 3548 post

157 3573 297 3639 mortem,
328 3566 378 3625 sed
403 3565 522 3640 Serapis
551 3563 719 3640 appellatus
743 3563 797 3638 sit,
826 3563 1002 3622 facillimam
1029 3564 1170 3621 rationem
