2442 3902
160 181 225 245 282
310 181 514 236 Grammaticos
534 182 636 236 aetatis
655 182 845 237 Varronianus
864 182 1022 252 fragmenta

157 352 316 408 autumant
345 383 390 391 —
419 350 536 409 nullum
566 369 629 410 esse
658 351 782 410 verbum
813 353 897 410 cuius
925 371 986 410 non
1016 355 1101 412 certa
1126 371 1165 410 er·

155 439 262 514 plicari
285 441 370 517 origo
392 440 501 516 possit3
524 441 649 516 etquis
672 439 728 498 hoc
751 441 838 499 modo
863 460 912 500 eos
934 459 1063 518 urguere
1088 441 1164 501 focile

154 529 222 602 fuit,
250 530 276 587 si
297 527 410 587 diceres
436 528 493 588 hoo
515 528 667 588 infinitum
690 547 761 602 esse,
792 529 900 604 quibus
923 529 1021 590 verbis
1046 531 1163 589 alicuius

154 616 239 676 verbi
271 619 418 695 originem
448 619 669 694 interpretaris,
707 637 809 676 eorum
840 637 943 678 rursus
976 638 995 677 s
1025 623 1058 678 te
1091 622 1161 697 origo

101 726 141 766 rso
154 701 342 783 (quaeritur,
378 707 425 764 illi
456 706 564 766 docent
599 707 655 765 hoc
690 707 807 765 tamdiu
839 703 1066 785 quaeren>dum
1103 728 1162 778 esse,

154 795 247 854 donec
282 797 475 871 perveniatur
511 816 545 855 eo
580 800 615 855 ut
650 815 697 855 res
735 814 801 856 cum
838 815 910 856 sono
946 797 1030 858 verbi
1069 799 1162 873 aliqua

154 885 349 944 similitudine
387 885 536 959 concinat,
572 888 608 944 ut
641 905 707 944 cum
744 885 870 944 dicimus
905 886 982 946 aeris
1019 887 1162 959 tinnitum,

154 993 297 1049 equorum
324 974 488 1049 hinnitum,
519 975 620 1032 ovium
648 975 796 1048 balatum,
826 975 966 1034 tubarum
994 976 1161 1054 clangorem,

154 1063 312 1121 stridorem
348 1065 530 1122 catenarum.
595 1063 738 1138 perspicis
775 1065 855 1122 euim
891 1064 964 1124 haec
1000 1063 1093 1123 verba
1125 1067 1161 1122 ita

100 1171 139 1210 ree
154 1169 272 1226 sonare,
304 1154 338 1210 ut
365 1154 447 1228 ipsae
476 1170 523 1211 res
551 1171 628 1228 quae
655 1153 701 1212 his
729 1153 827 1212 verbis
855 1153 1070 1231 significantur.
1119 1153 1161 1212 sed

154 1243 226 1316 quia
259 1244 329 1300 sunt
359 1259 406 1300 res
439 1259 515 1317 quae
547 1260 608 1299 non
639 1244 762 1317 sonant,
802 1243 836 1300 in
866 1243 914 1302 bis
946 1243 1160 1302 similitudinem

153 1333 252 1388 taetus
282 1330 394 1404 valere,
427 1333 462 1388 ut
489 1332 514 1388 si
541 1331 649 1391 leniter
671 1331 721 1389 vel
750 1349 854 1406 aspere
884 1349 1002 1391 sensum
1032 1336 1159 1410 tangunt,

153 1419 261 1478 lenitas
280 1419 329 1477 vel
352 1420 498 1495 asperitas
522 1420 691 1478 litterarum
714 1422 750 1478 ut
772 1420 874 1498 tangit
897 1422 1044 1495 auditum,
1067 1421 1158 1481 sireis

153 1509 274 1567 nomina
287 1510 446 1584 pepererit,
464 1512 500 1567 ut
517 1511 617 1584 ipsum
634 1510 700 1567 lene
719 1527 787 1567 cum
806 1508 932 1569 dicimus
947 1511 1057 1570 leniter
1075 1513 1159 1570 sonat

99 1617 139 1655 140
154 1598 219 1671 quis
255 1599 365 1656 iterum
401 1597 592 1674 asperitatem
624 1617 684 1657 non
717 1601 747 1656 et
778 1601 845 1674 ipso
877 1601 997 1659 nomine
1034 1617 1158 1677 asperam

151 1685 287 1744 iudicet?
323 1687 388 1744 lene
411 1691 457 1746 est
479 1686 600 1746 auribus
624 1706 691 1745 cum
709 1687 835 1746 dicimus
857 1691 1009 1764 voluptas,
1033 1707 1158 1764 asperum

153 1794 220 1833 oum
247 1775 374 1836 dicimus
398 1795 478 1834 crux.
524 1778 569 1835 ita
592 1795 638 1835 res
661 1778 745 1852 ipsae
773 1777 911 1836 afficiunt
932 1782 968 1837 ut
991 1778 1082 1837 verbs
1102 1796 1158 1836 sen-

151 1865 276 1923 tiuntur.
313 1866 382 1938 mel,
405 1884 496 1941 quam
519 1866 652 1924 suaviter
672 1869 793 1942 gustum
812 1885 859 1926 res
877 1869 953 1942 ipsa,
976 1869 1040 1925 tarn
1062 1868 1158 1925 leniter

152 1955 270 2012 nomine
288 1955 389 2032 tangit
407 1955 558 2029 auditum3
578 1973 645 2013 acre
664 1954 696 2012 in
714 1958 844 2030 utroque
864 1975 1004 2032 asperum
1023 1956 1156 2031 est31ana

98 2062 137 2102 us
153 2049 183 2102 et
210 2062 314 2119 vepres
343 2047 377 2102 ut
407 2043 571 2102 audiuntur
597 2043 689 2102 verba
718 2045 761 2102 sic
787 2044 842 2103 illa
872 2048 1046 2122 tanguntur.
1094 2045 1156 2102 haec

151 2133 239 2208 quasi
258 2132 406 2191 cunabula
419 2132 577 2192 verborum
592 2151 654 2192 esse
669 2133 866 2206 crediderunt,
884 2134 937 2192 ubi
952 2153 1055 2194 sensus
1069 2152 1156 2193 rerum

151 2241 218 2280 cum
241 2240 381 2280 sonorum
409 2240 496 2282 sensu
524 2221 725 2281 concordaret.
771 2223 841 2280 binc
864 2223 903 2280 ad
932 2223 1067 2299 ipsarum
1089 2225 1157 2281 inter

151 2329 181 2370 se
208 2331 307 2369 rerum
337 2311 566 2370 similitudinem
596 2313 773 2386 processisse
801 2311 955 2370 licentiam
984 2309 1155 2382 nominandi,

150 2403 184 2458 ut
207 2418 275 2459 cum
296 2399 380 2458 verbi
403 2417 493 2458 causa
516 2419 587 2458 crux
610 2403 769 2476 propterea
793 2400 873 2459 dicta
896 2401 943 2474 sit,
970 2403 1051 2477 quod
1073 2402 1155 2477 ipsius

96 2507 135 2546 rso
150 2489 234 2547 verbi
261 2491 407 2564 asperitas
435 2507 502 2547 cum
528 2488 640 2548 doloris
669 2508 756 2564 quem
784 2507 855 2547 crux
883 2489 976 2549 efficit
1005 2491 1154 2566 asperitate

149 2576 315 2651 concordet,
346 2596 431 2636 crura
458 2581 561 2636 tamen
588 2597 648 2636 non
675 2580 799 2654 propter
826 2578 1019 2653 asperitatem
1046 2579 1154 2648 doloris,

148 2666 201 2725 sed
224 2665 303 2742 quod
330 2667 519 2744 longitudine
547 2669 637 2743 atque
665 2667 774 2726 duritie
800 2669 881 2726 inter
907 2668 1042 2729 membra
1068 2671 1154 2728 cetera

148 2755 210 2814 sint
235 2755 318 2832 ligno
343 2755 498 2830 similiora,
528 2758 569 2816 sic
593 2756 747 2832 appellata
771 2760 849 2815 sunt.
894 2756 962 2816 inde
987 2757 1026 2817 sd
1049 2758 1153 2818 abusio·

147 2864 215 2903 nem
247 2846 384 2918 ventum,
416 2848 452 2903 ut
483 2848 643 2920 usurpetur
673 2864 780 2905 nomen
812 2865 872 2905 non
902 2846 945 2905 rei
978 2848 1084 2908 similis
1111 2845 1154 2904 sed

94 2933 234 3009 aequasi
261 2933 386 2992 vicinae.
432 2933 505 3009 quid
532 2936 611 2992 enim
634 2935 731 2993 simile
758 2934 850 2994 habet
871 2936 1053 3014 significatio
1079 2934 1153 3011 parvi

147 3026 178 3081 et
200 3023 318 3097 minuti,
341 3041 410 3082 cum
432 3025 528 3098 possit
545 3042 673 3098 parvum
696 3041 767 3100 esse,
798 3025 876 3100 quod
895 3044 955 3084 non
978 3027 1066 3084 modo
1088 3022 1153 3082 nibil

146 3111 296 3170 minutum
319 3111 359 3170 sit
386 3111 437 3170 sed
465 3112 582 3188 aliquid
605 3114 697 3170 etiam
720 3112 870 3172 creverit?
914 3115 1041 3174 dicimus
1063 3119 1152 3173 tamen

146 3205 269 3276 propter
282 3200 433 3277 quandam
446 3202 633 3260 vicinitatem
651 3201 801 3261 minutum
814 3222 868 3278 pro
882 3221 985 3278 parvo.
1022 3203 1073 3263 sed
1090 3203 1152 3262 baec

147 3289 251 3349 abusio
281 3290 420 3349 vocabuli
449 3291 481 3348 in
512 3293 661 3366 potestate
691 3291 841 3366 loquentis
870 3296 931 3365 est,
965 3292 1056 3352 habet
1084 3291 1151 3351 enim

94 3396 275 3451 supervum
297 3380 333 3434 ut
355 3381 505 3436 minutum
528 3398 588 3438 non
611 3377 700 3437 dicat.
746 3379 823 3438 illud
848 3382 946 3458 magis
972 3382 1100 3458 pertinet
1120 3376 1151 3437 sd

147 3463 178 3520 id
202 3465 282 3538 quod
304 3483 382 3522 nunc
405 3467 542 3524 volumus
565 3468 732 3543 ostendere,
760 3468 840 3543 quod
863 3487 930 3527 cum
952 3472 1068 3546 piscine
1088 3468 1150 3527 dici·

147 3553 197 3607 tur
218 3553 251 3608 in
278 3551 406 3625 balneis,
435 3555 468 3610 in
491 3573 551 3630 qua
577 3557 705 3630 piscium
732 3557 808 3615 nihil
836 3559 876 3616 sit
903 3559 1038 3635 nihilque
1065 3557 1149 3618 simile
