2444 3902
381 161 411 215 P.
430 159 562 231 Nigidius
581 159 698 231 Figulus
981 159 1045 224 169

467 332 511 389 22
535 323 608 408 [12]

95 439 182 496 sunt
205 437 314 496 etiam
342 436 607 495 adsimulanter
634 435 733 495 dicta
760 436 860 510 haec,
888 436 1046 494 canatim

34 527 166 585 suatim
188 525 360 600 bosmtim,
386 544 475 600 quae
496 525 538 583 ab
562 515 780 584 animalibus
805 528 1000 585 sumuntur.

101 626 177 678 Nou.
189 641 218 692 p.
233 628 277 691 40,
287 628 324 679 21
343 624 464 678 canatim
483 623 585 677 suatim
604 624 737 690 bovatim,
757 626 903 678 canumet
923 641 1003 677 suum
1018 625 1047 677 et

34 695 116 748 boum
129 711 240 765 genere.
273 694 404 764 Nigidius
424 695 631 749 commentariis
650 695 842 766 grammaticis
862 696 992 766 [conmen
1006 697 1047 750 cel

36 769 189 821 commento
207 784 333 837 gramme
352 767 453 838 codd.]:
473 785 525 820 sunt
538 799 564 806 -
578 785 700 821 sumansu.

104 863 117 908 1
138 855 344 910 adsimutanter
362 856 453 926 lugd.

466 1009 510 1066 23
534 1001 606 1086 [41]

99 1113 219 1172 nomina
246 1113 395 1189 verbaque
422 1133 483 1172 non
505 1115 606 1188 positu
632 1113 758 1172 fortuito
783 1113 834 1173 sed
862 1114 992 1189 quadam
1014 1115 1046 1174 vi

40 1203 200 1261 obrutione
230 1205 354 1261 natiuae
378 1203 460 1261 facta
483 1220 545 1262 osse
568 1203 599 1260 P.
622 1201 764 1280 Nigidius
787 1201 818 1260 in
842 1203 1045 1279 grammaticis

39 1292 252 1351 commentariis
271 1292 366 1366 docet,
384 1311 448 1350 rem
467 1309 536 1350 sane
550 1292 583 1350 in
601 1290 809 1366 philosophiae
828 1291 1045 1352 dissertationi-

40 1379 91 1438 bus
105 1379 253 1440 celebrem.
292 1383 396 1457 quaeri
409 1382 488 1439 enim
507 1381 629 1439 solitum
646 1383 719 1456 aput
736 1380 938 1456 philosophos,
957 1381 1046 1457 φύσει

40 1465 73 1525 τὰ
93 1464 219 1546 ὀνόματα
246 1469 307 1528 sint
333 1466 352 1548 ἢ
376 1466 464 1529 θέσει.
510 1471 542 1528 in
567 1489 632 1528 eam
659 1487 721 1527 rem
745 1470 841 1528 multu
869 1472 1046 1547 argumenta
1073 1487 1086 1527 s

42 1556 116 1630 dicit,
138 1576 189 1616 cur
206 1557 303 1618 videri
325 1560 439 1635 possint
462 1559 553 1618 verba
576 1577 638 1618 esse
662 1559 814 1617 naturalia
836 1561 932 1636 magis
957 1579 1045 1635 quam

43 1646 199 1706 arbitraria.
237 1649 397 1722 exquibus
420 1649 476 1706 hoc
499 1648 597 1706 visum
615 1650 661 1707 est
683 1649 817 1723 lepidum
840 1651 870 1706 et
891 1648 1046 1708 festivum:
1100 1680 1104 1687 ·

43 1754 98 1793 vos
124 1735 223 1811 inquit
252 1755 327 1795 cum
346 1737 525 1810 dicimus,
556 1740 654 1795 motu
686 1736 837 1812 quodam
867 1737 939 1796 oris
969 1755 1046 1796 con·

44 1824 200 1884 veniente
221 1843 298 1884 oum
319 1825 435 1902 ipsius
454 1825 888 1885 verbidemonstratione
911 1827 1047 1884 utimur

47 1914 77 1967 et
95 1913 211 1974 labeas
235 1917 367 1975 sensim
389 1917 565 1991 primores
590 1934 789 1974 emovemus
813 1934 852 1975 ac
876 1906 1046 1991 spiritum
1061 1933 1086 1974 1o

49 2005 141 2076 atque
172 2003 325 2062 animam
355 2024 461 2080 porro
494 2022 636 2063 versum
664 2008 698 2063 et
726 2004 768 2063 ad
800 2023 870 2077 eos,
903 2004 1046 2079 quibus-

49 2107 113 2148 cum
124 2093 409 2168 sermocinamur,
423 2094 651 2152 intendimus.
681 2096 717 2151 at
731 2096 856 2152 contra
870 2112 946 2152 cum
960 2093 1046 2152 dici-

49 2197 199 2255 nosnos,
222 2201 336 2257 neque
355 2183 504 2258 profuso
526 2183 740 2257 intentoque
760 2182 855 2240 flatu
874 2185 973 2242 vocis
991 2203 1045 2241 ne-

49 2271 286 2346 queproiectis
304 2271 417 2334 labris
436 2273 728 2347 pronuntiamus,
748 2270 806 2329 sed
826 2274 861 2329 et
875 2272 1046 2347 spiritum

49 2359 77 2412 et
103 2357 221 2418 labeas
259 2363 363 2435 quasi
394 2362 493 2419 intra
528 2362 667 2420 nosmet
698 2359 796 2435 ipsos
833 2379 1045 2420 coercemus.
1061 2377 1086 2418 15

48 2443 100 2504 hoo
128 2448 219 2507 idem
250 2449 297 2508 fit
327 2452 361 2507 et
390 2449 426 2506 in
457 2468 508 2522 eo,
540 2448 633 2524 quod
665 2448 818 2508 dicimus
847 2452 886 2507 tu
917 2469 980 2527 ego
1012 2453 1046 2508 et

48 2533 105 2592 tibi
129 2540 161 2596 et
189 2538 288 2595 mihi.
340 2557 419 2596 nam
449 2537 573 2613 sicuti,
605 2557 681 2596 cum
710 2537 898 2598 adnuimus
927 2542 961 2598 et
991 2539 1045 2598 ab·

48 2626 185 2700 unimus,
218 2628 335 2686 motus
365 2625 508 2702 quidam
538 2626 604 2684 ille
631 2628 688 2686 vel
718 2629 853 2704 capitis
881 2629 937 2687 vel
968 2647 1046 2687 ocu·

49 2710 147 2773 lorum
165 2735 183 2774 a
201 2718 333 2774 natura
355 2715 409 2774 rei
433 2734 535 2790 quam
559 2716 751 2792 significat
774 2736 843 2774 non
867 2716 1044 2791 abhorret,

47 2799 90 2859 ita
116 2803 149 2863 in
178 2805 235 2864 his
265 2805 413 2864 vocibus
443 2803 547 2880 quasi
579 2807 702 2881 gestus
735 2805 879 2880 quidam
910 2808 982 2866 oris
1011 2809 1086 2865 etso

47 2893 185 2964 spiritus
208 2894 393 2953 naturalis
412 2896 475 2953 est.
513 2893 633 2952 eadem
651 2895 746 2953 ratio
766 2897 819 2952 est
842 2895 877 2952 in
898 2893 1045 2954 Graecis

47 2997 169 3057 quoque
202 2983 366 3058 vocibus,
404 3003 507 3058 quam
541 3000 617 3040 esso
648 2983 684 3040 in
716 2985 852 3042 nostris
891 2984 1045 3042 animad-

47 3072 211 3132 vertimus.

106 3168 170 3224 Ges
182 3175 317 3236 10‚4n0m
281 3184 357 3224 <mina
361 3185 453 3224 —nima
454 3185 596 3224 ινοιιᾱιιιωι.
624 3170 658 3236 cf.
672 3171 815 3242 Oboyscpp
826 3111 903 3240 apud
915 3172 1011 3227 Galea.
1023 3173 1050 3226 V

43 3241 171 3302 μ216Κ.
210 3241 373 3307 RScbmc'dt,
391 3243 424 3297 de
442 3242 523 3296 bloio
542 3248 686 3312 prasumat.
702 3259 732 3310 p
748 3246 790 3297 34.

106 3351 120 3397 3
134 3346 349 3402 d1serat10n1bus
361 3349 433 3402 Voss
445 3350 509 3403 Lot
515 3349 545 3404 F
554 3353 607 3403 112
630 3347 883 3417 disceptationibus
899 3350 1045 3416 Merclclio,

45 3416 84 3468 sed
99 3419 130 3484 cf.
151 3419 241 3485 θυαε,
264 3420 348 3474 Ares
366 3421 388 3486 f.
408 3421 472 3475 Lat.
492 3421 560 3474 Lea.
579 3425 606 3485 2,
621 3424 675 3473 347
766 3428 781 3474 ὅ
806 3421 881 3476 ΤὰΟ
900 3421 1046 3474 nominata

47 3491 102 3540 sunt
118 3489 183 3557 (sint
200 3491 297 3560 Beros.)
316 3492 401 3546 Rern
422 3491 512 3546 Poris.
533 3493 605 3546 Voss.
626 3492 690 3545 Lot
702 3492 761 3545 Η
851 3490 912 3545 6d.
932 3493 993 3562 cur]
1013 3493 1046 3544 dr

46 3557 119 3614 Bere.
135 3561 204 3616 Voss.
217 3563 289 3616 idem
308 3562 363 3616 din·
373 3563 472 3617 Paris.
512 3563 672 3631 naturales
685 3565 756 3616 natu
769 3563 871 3633 Poris.)
892 3562 949 3616 alia
963 3563 1045 3616 isdem
