2442 3902
137 212 204 278 408
290 213 496 269 Grammaticae
516 214 618 268 aetatis
637 195 828 268 varronianae
847 214 1008 284 fragmenta

96 398 123 438 ro
138 383 212 458 quin
227 383 346 441 etmihi
364 382 519 442 adversere
534 387 564 442 et
581 403 644 441 rem
662 382 815 464 publicam
833 381 994 461 proffiges?
1020 383 1145 458 'denique

138 490 216 547 quae
247 489 343 546 pausa
373 469 453 530 erit?
499 473 652 548 ecquando
684 473 800 533 desinet
831 472 949 532 familia
980 476 1082 534 nostre
1108 475 1145 537 iaz

138 558 260 620 senire?
296 560 449 636 ecquando
467 561 572 620 modus
592 562 620 620 ei
637 563 682 620 rei
704 561 807 620 haberi
828 560 965 638 poterit?
992 561 1144 638 ¹ecquando

138 650 306 709 desinemus
334 653 366 708 et
392 650 534 708 habentes
563 652 593 709 et
620 649 797 725 praebentes
812 652 972 710 vmolestiis
999 647 1143 710 insistere?

138 739 291 814 ecquando
309 739 506 814 perpudesoet
523 738 674 798 miscenda
688 743 779 814 atque
796 739 1000 816 perturbanda
1013 760 1045 799 re
1058 740 1142 816 publi·

96 844 123 884 rs
138 825 196 888 ca?
233 827 284 887 sed
307 828 334 888 si
357 828 477 888 omnino
504 828 538 887 id
564 827 630 886 fieri
657 847 716 887 non
744 832 856 904 potest,
883 829 936 888 ubi
959 848 1014 908 ego
1037 831 1140 889 mortui

138 937 196 993 ero,
224 919 320 994 petito
343 917 544 991 hibunatum3
573 937 628 993 per
649 937 697 977 me
719 917 812 977 facito
836 919 915 994 quod
937 917 1060 991 iubebit,
1084 937 1139 978 cun

138 1026 192 1084 ego
221 1026 282 1065 non
311 1008 446 1066 seutiam.
493 1006 546 1064 ubi
576 1010 696 1066 mentua
726 1025 789 1083 ero,
821 1007 995 1082 parentabis
1024 1008 1093 1066 mihi
1117 1011 1140 1064 et

137 1095 290 1156 invocabis
318 1096 406 1154 deum
435 1099 597 1171 parentem.
644 1098 676 1153 in
704 1115 739 1155 eo
762 1100 896 1171 tempore
923 1097 1093 1173 non-pudet
1115 1103 1139 1152 te

138 1203 242 1245 eorum
265 1185 351 1243 deum
375 1203 476 1261 preces
500 1188 645 1260 expetere,
668 1203 743 1260 quos
764 1186 848 1245 vivos
872 1188 962 1262 atque
986 1187 1140 1260 praesentes

96 1289 124 1330 eo
137 1273 257 1332 relictos
288 1276 378 1348 atque
408 1274 539 1333 desertus
569 1272 734 1332 habueris?
779 1295 816 1334 ne
845 1275 897 1334 ille
927 1275 994 1335 sirit
1020 1275 1139 1351 Iuppiter

137 1367 167 1422 te
196 1383 231 1422 ea
258 1380 448 1437 perseverare
478 1380 532 1422 nec
558 1363 615 1421 tibi
642 1366 761 1422 tentam
788 1364 968 1422 dementiam
996 1362 1139 1424 venirein

137 1453 287 1512 aninum!
333 1455 364 1511 et
392 1453 418 1511 si
445 1471 629 1527 perseverem,
659 1472 764 1512 vereor
790 1472 828 1511 ne
855 1455 887 1511 in
915 1473 1031 1512 omnem
1057 1454 1138 1510 vitum

137 1544 257 1602 tantum
287 1541 399 1618 laboris
427 1542 515 1618 culpa
537 1545 592 1600 tua
614 1541 755 1617 recipias,
786 1543 831 1600 uti
856 1544 889 1600 in
911 1543 995 1602 nullo
1022 1546 1138 1617 tempore
1205 1591 1206 1598 ,

135 1634 204 1690 tute
226 1630 291 1714 tibi
306 1631 422 1706 placere
446 1630 549 1706 possis.

208 1721 291 1775 Libri
309 1738 369 1774 trias.
391 1720 470 1774 Corn.
492 1721 561 1789 Nep.
581 1720 620 1774 αᾶ
642 1727 789 1775 extremum
808 1737 876 1776 verba
894 1747 923 1775 ex
942 1736 1036 1784 epistula
1053 1751 1083 1760 -
1100 1733 1138 1782 pls·

136 1817 185 1847 cere
203 1806 280 1854 possis.

209 1896 222 1943 1
253 1892 399 1958 gracorum
425 1888 524 1942 matris
548 1905 582 1942 ex
604 1889 703 1944 eodem
725 1888 798 1943 libro
822 1889 944 1945 Cornelii
967 1889 1080 1958 Nepotis
1100 1902 1136 1940 er·

137 1962 234 2030 cerpta
260 1960 339 2030 (cod.)
365 1961 534 2028 (immanes)
559 1960 645 2014 verba
671 1958 815 2015 Corneliae
842 1961 1030 2016 Gracchorum
1054 1957 1136 2014 mahir

137 2049 171 2086 ex
190 2031 305 2086 cornelii
324 2031 435 2100 nepotis
455 2031 527 2086 libro
546 2047 604 2085 exc.
625 2032 789 2100 Meuanas)
862 2039 877 2084 2
899 2032 979 2104 hist]
998 2029 1135 2087 oratoribus

136 2105 296 2174 Nipperdey
315 2121 357 2172 op.
368 2121 398 2172 p.
414 2108 449 2157 99
522 2108 537 2156 6
556 2102 631 2156 malo
650 2105 790 2172 temperes
809 2104 909 2175 Berpt,
926 2105 1027 2158 Phr'tol.
1041 2107 1080 2169 16,
1093 2103 1136 2154 627

137 2244 158 2299 C
176 2175 485 2302 1(thatdhtdrictilrdhdmdt
500 2191 530 2242 p·
547 2179 600 2298 11116
609 2174 1024 2312 ἱηὶωξοέἕξῗηθξῗίᾱθῶΐὲἓῗὲ
1036 2169 1136 2296 Ιωοῐὲ

136 2289 184 2373 tae
205 2318 231 2373 G
304 2323 337 2371 13
357 2334 453 2372 eorum
471 2334 522 2371 om.
537 2319 576 2371 cd.
593 2317 745 2372 Savarocie
762 2288 893 2372 meorum¹
906 2319 981 2374 Roth
1050 2321 1081 2370 20
1097 2313 1136 2367 ed·

136 2394 231 2443 verses
247 2389 272 2443 G
288 2405 343 2443 -ses
359 2389 387 2444 R
455 2393 487 2442 21
505 2405 561 2457 qua
576 2389 603 2441 R
672 2393 705 2440 ⁴23
719 2387 810 2442 insist.
826 2389 913 2458 Nipp.
930 2389 1061 2443 desistere
1073 2383 1135 2440 codd
1204 2421 1205 2440 i

137 2461 281 2515 dehiscere
291 2463 360 2515 coni.
372 2461 473 2514 Bacch.
543 2463 576 2512 28
593 2460 677 2512 deum
691 2460 731 2529 p]
745 2461 780 2526 cf.
796 2459 1137 2526 Jordau,Hernm15,⁵eo

190 2531 310 2601 pudebit
329 2533 430 2601 Hoerpt
447 2533 478 2584 iu
497 2531 584 2600 Nipp.
604 2549 646 2600 op.
662 2547 692 2598 p.
708 2536 762 2585 119

206 2763 308 2824 eodem
337 2768 471 2840 tempore
504 2757 574 2842 [quo
597 2763 761 2830 Platonem,
783 2757 962 2842 Dionysius]
995 2761 1136 2822 Philistum

137 2855 314 2914 historicum
334 2853 496 2930 Syracusas
515 2851 642 2926 reduxit,
664 2851 815 2926 bominem
834 2852 964 2910 amicum
981 2872 1040 2912 non
1056 2846 1136 2924 magis

138 2949 268 3020 tyranno
299 2961 389 3019 quem
419 2941 582 3017 tyrannidi.
634 2941 686 2999 sed
708 2941 744 2999 de
758 2941 828 3000 hoc
855 2944 886 3000 in
910 2961 944 3000 eo
969 2941 1043 3000 libro
1064 2938 1138 3016 pluri

139 3037 209 3092 sunt
233 3034 376 3108 exposita,
401 3030 509 3107 quide
532 3030 682 3090 historicis
706 3026 826 3090 Graecis
849 3032 1033 3106 conscriptus
1055 3031 1101 3086 est.
1203 3071 1204 3076 η

210 3123 243 3176 N
241 3140 280 3191 ep.
300 3122 386 3176 Dion.
401 3124 427 3188 3,
441 3123 460 3175 2
478 3134 611 3188 eodemque
625 3138 724 3182 tempore
738 3150 771 3159 -
787 3133 925 3182 concaptus
938 3139 978 3176 est
1203 3117 1204 3131 ¹

211 3225 226 3272 3
245 3218 391 3290 tyrannidi
409 3219 570 3274 Ascensius:
589 3218 717 3288 tyrannis
843 3218 872 3272 in
897 3234 930 3272 eo
953 3219 1010 3272 cod.
1029 3217 1098 3272 Dru.
1118 3215 1137 3262 d

139 3293 220 3348 Parc.
240 3291 269 3344 in
289 3307 322 3344 eo
340 3306 402 3343 meo
422 3291 478 3345 rell.

590 3425 609 3479 9

86 3513 89 3522 ’
209 3533 277 3572 non
295 3516 464 3590 ignorare
482 3516 589 3576 debes
607 3416 713 3576 uffl
731 3518 795 3576 hoo
815 3535 926 3595 genus
946 3517 1136 3576 Latinorum

142 3599 349 3658 litterarum
374 3597 549 3682 [rubeam]
574 3605 689 3664 adhuc
706 3623 774 3663 non
797 3605 989 3670 modouon
1008 3617 1134 3680 respon·
