2444 3902
152 145 218 210 226
302 144 508 200 Grammaticae
528 145 631 200 aetatis
649 144 840 202 varronianae
860 145 1020 218 fragmenta

224 307 349 361 Mcerob.
369 310 486 373 3,18,5
509 323 543 360 eu
561 308 659 360 autem
674 321 736 362 neae
755 339 782 348 -
800 322 828 362 ue
846 322 950 374 rorem
970 308 1038 362 inde
1061 307 1153 362 scilieet
1206 365 1207 380 χ

148 377 348 432 Praenestinae
365 393 460 434 nuces.
930 454 931 459 ἵ
1082 451 1084 456 Ι
1206 383 1207 442 l

526 531 591 588 102
609 523 690 608 [aas
711 523 792 608 VH]
900 543 902 548 ·

219 636 317 695 hisce
350 634 513 694 manibus
545 635 641 694 lacte
672 635 734 710 fit,
770 654 840 695 non
871 639 971 713 vin03
1010 635 1155 696 (laninas

149 727 304 803 propter
337 741 459 798 cunas,
494 723 667 784 Ruminae
700 727 850 800 propter
879 744 1014 785 rumam
1035 726 1086 785 'id
1112 730 1156 784 est

149 814 272 890 prisco
299 812 475 872 vocabulo
502 832 698 888 mammam,
729 834 747 872 a
775 833 842 890 quo
871 814 1031 873 subrumi
1061 816 1155 874 etiam

149 922 241 962 nunc
264 902 436 961 dicuntur
458 904 551 979 agni.
575 896 577 903 ’

177 1057 179 1062 ,
223 1002 299 1058 Noa.
312 1018 343 1070 p.
364 1004 426 1067 167,
439 1005 476 1056 24
493 1017 604 1054 rumam
623 1002 729 1056 veteres
747 1017 899 1056 mammam
920 1002 1059 1056 dixerunt.
1081 1001 1157 1054 Varro

151 1071 221 1126 cato
236 1071 280 1127 vel
295 1071 440 1127 delibaris
455 1071 621 1126 educandis:
639 1086 701 1127 meo
711 1105 737 1112 -
747 1087 806 1137 agur
825 1075 861 1141 cf.
878 1073 968 1130 Varro
986 1092 1008 1129 r.
1023 1092 1046 1128 r.
1060 1075 1156 1140 2,11,5

150 1151 176 1199 a
193 1145 273 1212 cisra
289 1144 325 1209 fr.
340 1146 401 1198 137.
419 1146 480 1198 150.
514 1143 588 1198 reat.
603 1150 633 1212 p.
649 1143 732 1210 socr,
747 1148 793 1198 32.
978 1155 980 1161 ’

226 1256 239 1303 1
259 1249 305 1304 his
324 1249 489 1304 Semonibus
510 1251 626 1320 Dipaia
644 1249 721 1305 bisce
739 1250 902 1305 numinibus
921 1253 1026 1307 Prelier
1121 1267 1158 1303 cu·

150 1323 230 1376 ninaz
250 1339 298 1378 em.
318 1323 421 1376 Iunius

569 1474 633 1531 103
657 1465 751 1550 [255]

220 1579 391 1654 antiquos
414 1580 576 1655 agrestes
599 1579 754 1639 venandi
777 1579 930 1657 peritos,
956 1597 1031 1638 cum
1054 1581 1158 1656 pluri·

151 1689 243 1729 mum
273 1670 310 1728 in
337 1669 443 1727 silvis
473 1670 636 1745 agerent,
668 1667 762 1743 quod
792 1669 908 1728 veluti
935 1667 1053 1740 Diana
1083 1669 1159 1728 duce

152 1755 195 1818 ad
231 1757 510 1834 investigandas
550 1758 646 1817 feras
689 1758 785 1817 solas
822 1760 869 1831 et¹
894 1757 1018 1818 devias
1056 1758 1159 1818 silvas

129 1908 132 1912 .
150 1851 331 1926 peterent,
346 1845 544 1906 Davianum
559 1847 765 1922 appellasse
780 1847 893 1920 deam,
911 1865 990 1905 mex
1004 1846 1160 1917 Dianam,

152 1937 246 2014 quod
263 1936 526 2013 intellegerent
540 1935 685 1994 eandem
700 1954 788 2011 esse,
808 1955 898 2012 quae
913 1935 1005 1994 diem
1023 1954 1159 1996 nascen-

151 2026 250 2086 tibus
273 2026 386 2084 daret.

224 2125 306 2180 Pr0b.
323 2125 375 2178 Ver
393 2167 398 2178 .
415 2125 472 2178 baec.
489 2128 515 2190 6,
530 2127 564 2177 31
583 2122 672 2176 Varro
691 2123 778 2177 etiam
796 2121 826 2176 in
844 2122 1008 2193 logistoricc
1027 2106 1107 2192 quem
1125 2081 1161 2176 ir-

152 2196 265 2278 scripsit
283 2194 357 2249 Mees
400 2209 417 2248 a
440 2195 475 2248 de
493 2193 653 2248 valetudine
673 2195 726 2249 ait:
751 2208 855 2258 nequo·
872 2227 898 2234 -
917 2210 986 2250 ema
1009 2197 1043 2263 cf.
1065 2195 1116 2250 Oie.
1134 2194 1162 2247 de

151 2274 210 2322 reat.
226 2269 252 2322 d.
266 2271 294 2333 2,
309 2271 354 2322 69.
378 2267 467 2322 Vero
486 2267 512 2320 d.
533 2267 549 2320 i.
569 2267 603 2320 L.
619 2271 645 2332 5,
661 2269 706 2319 68,
732 2266 800 2320 Isse.
821 2283 859 2321 or,
875 2271 961 2333 8,11,
976 2271 1019 2322 56.

543 2419 608 2475 104
636 2409 718 2495 [aas
737 2410 779 2496 V]

222 2533 345 2593 educit
363 2535 457 2592 enim
478 2533 669 2607 obstetrix,
693 2531 822 2591 educat
844 2533 981 2609 nutrix,
1003 2534 1162 2594 instituit

152 2623 400 2701 paedagogus,
424 2622 527 2682 docet
549 2623 732 2699 magister.

226 2722 300 2776 Non.
312 2738 342 2789 p.
355 2725 417 2788 447,
427 2725 463 2775 34
477 2720 595 2776 educere
610 2721 639 2773 et
652 2720 772 2773 educare
785 2718 858 2773 hanc
872 2719 979 2775 babent
993 2720 1162 2776 distantiam:

154 2793 272 2848 educere
294 2794 338 2847 est
361 2791 518 2859 extrahere,
542 2791 662 2845 educare
688 2791 811 2845 enutrirc
834 2794 864 2845 et
885 2792 1045 2862 provehere.
1082 2792 1163 2846 Varro

155 2863 225 2920 Cato
245 2863 290 2918 vel
308 2864 342 2916 de
361 2863 457 2919 liberis
477 2861 643 2917 educandis:
663 2877 738 2917 saucia
751 2894 778 2902 -
791 2877 903 2926 magister.

547 3014 611 3072 105
634 3007 715 3092 [249
730 3007 778 3093 x]

222 3141 298 3182 cum
324 3123 439 3196 primo
467 3120 546 3180 cibo
570 3122 604 3177 et
626 3119 774 3196 potione
804 3120 1002 3180 initiarent
1028 3139 1163 3198 pueros,

155 3209 464 3270 sacrificabantur
500 3209 542 3269 ab
580 3208 746 3268 edulibus
779 3209 933 3283 Edusae,
970 3229 989 3270 a
1024 3213 1163 3287 potione

154 3299 306 3359 Potinae
329 3299 473 3359 nutrici.

228 3399 477 3466 Nca.p.108,15
500 3395 625 3450 Eduaam
648 3399 677 3449 et
699 3395 830 3450 Potinam
854 3381 922 3452 deas
945 3398 1090 3468 praesides
1112 3395 1165 3451 vult

157 3467 256 3520 haberi
280 3482 430 3535 puerorum
455 3467 544 3522 Varro
569 3466 637 3521 Gatc
664 3465 707 3521 vel
734 3468 769 3521 de
794 3467 892 3522 liberis
918 3469 1085 3523 educandis:
1119 3491 1162 3523 eun

156 3549 229 3596 pumo
243 3567 269 3574 —
282 3550 371 3591 numu.
400 3537 474 3591 Dea.
498 3538 556 3593 Ter.
571 3538 678 3606 pterea.
697 3539 833 3605 1,1,158
855 3538 1054 3612 legitursapud
1071 3539 1162 3594 Vmo-
