2460 3900
456 185 567 240 Servius
580 183 700 240 Clodius
1045 185 1088 251 97

139 348 213 404 Serv.
234 347 312 402 Dan.
331 348 402 402 Aen.
420 350 453 413 2,
472 349 529 401 229
551 346 677 400 insinuat
700 363 751 416 pro
774 346 941 400 insinuatur.
975 344 1090 404 Clodius

56 419 165 474 Scriba
184 418 462 474 commentariorum:
482 432 687 480 ins.—pen1t1n.
720 419 755 486 ct.
775 418 849 474 Non.
865 421 956 487 p.58.
973 423 1016 474 16.

138 509 280 562 insinuem
299 510 332 562 ut
350 509 442 563 Paris.

531 645 550 700 4
575 634 624 720 [2]

136 747 226 807 Nerio
257 749 373 807 dictum
402 748 488 823 quasi
510 748 623 822 Noin'o,
652 747 708 807 hoo
736 729 782 807 ost
809 748 873 806 sins
900 748 947 806 ira
969 750 999 808 ot
1022 767 1090 808 oum

61 837 255 915 placiditate,
269 839 304 896 ut
318 839 485 897 eonomine
499 839 602 896 mitem
616 837 874 913 tranquillumque
888 836 953 895 fiori
961 837 1090 898 Martem

60 946 229 1004 precemur.
619 957 625 969 ·

143 1017 212 1072 Gen.
233 1020 281 1082 13,
295 1020 346 1083 23,
362 1021 396 1071 19
423 1015 454 1068 in
481 1016 683 1070 commentario
711 1015 835 1083 quodam
863 1015 951 1070 Servii
978 1015 1089 1071 Claudii

63 1089 206 1157 scriptum
228 1087 399 1154 invenimus,
426 1101 494 1142 Nono
514 1119 547 1127 —
566 1110 694 1153 protanam
722 1103 758 1142 na
781 1087 857 1141 anim
901 1087 1033 1154 articula,
1056 1089 1090 1144 ut

63 1160 145 1230 apud
169 1159 304 1226 Graecos,
326 1159 368 1213 ita
390 1157 556 1228 plerumque
578 1159 609 1212 in
631 1159 733 1213 Latina
751 1174 862 1226 quoquo
880 1105 979 1229 lingua
997 1160 1089 1229 priva·

62 1231 126 1285 tiva
150 1230 202 1284 ast.
239 1231 274 1297 cf.
300 1230 372 1300 Lyd.
392 1231 424 1284 do
447 1247 518 1300 moy.
539 1235 564 1297 1,
579 1234 622 1284 42.
659 1247 699 1285 ao
721 1231 787 1286 tneo
810 1231 843 1285 de
868 1230 923 1284 ‘ue'
943 1232 1089 1299 panicula

63 1303 159 1358 Servii
176 1302 232 1356 sint
251 1302 366 1357 dubium
383 1307 429 1356 ast.

500 1434 519 1492 5
550 1427 658 1514 [deest]
695 1433 697 1443 ’

134 1545 253 1616 vasta,
276 1542 401 1600 inania
423 1559 560 1618 magna

139 1631 399 1687 Sammonion.
421 1635 506 1697 1,52
538 1646 606 1686 sana
638 1633 718 1684 vasto
746 1647 797 1699 pro
825 1631 952 1686 desolato
980 1631 1088 1688 vetares

64 1703 220 1772 ponebant,
245 1735 278 1743 —
302 1703 447 1772 ponebant
469 1705 499 1756 et
522 1719 574 1771 pro
592 1717 704 1771 magno.
742 1701 855 1756 Clodius
875 1704 1088 1758 commentario-

66 1793 143 1829 mm:
163 1801 186 1828 v.
201 1789 217 1828 1.
233 1801 263 1828 m.
297 1775 332 1841 cf.
348 1776 422 1829 Non.
437 1778 500 1840 415,
514 1779 539 1828 9.
569 1773 656 1828 OGL
669 1775 795 1840 IV576,
810 1779 854 1828 60.

425 1951 609 2005 montosus
629 1951 729 2006 sums

528 2069 547 2126 6
593 2070 613 2125 3

137 2174 281 2234 Claudius
300 2174 404 2234 scribit
418 2175 560 2234 axitiosus
578 2061 778 2233 {lelnonstrari
797 2175 1088 2251 oonsupplioatrioes,

72 2266 108 2324 ab
130 2264 246 2343 agendo
270 2263 424 2323 axitiosas:
447 2266 482 2322 ut
505 2263 543 2322 ab
566 2282 626 2320 una
649 2262 785 2321 faoiendo
808 2263 960 2338 factiosae,
983 2264 1025 2322 sio
1050 2263 1087 2321 ab

68 2374 128 2413 una
151 2353 267 2431 agendo
291 2353 435 2412 axitiosaa
459 2353 564 2411 diotae.
589 2409 592 2416 .

144 2443 234 2499 Varro
253 2444 286 2498 de
303 2445 321 2498 l.
337 2444 371 2497 L.
387 2447 412 2508 7,
427 2447 465 2497 66
498 2441 528 2494 in
546 2441 667 2496 Astraba
687 2441 807 2513 [astriba
825 2441 922 2496 Flora
945 2443 981 2509 fr.
996 2443 1086 2513 2L.]:

70 2515 218 2570 ‘axitiosao
247 2514 293 2585 [ao
315 2514 412 2568 sitisse
435 2514 477 2585 F]
507 2529 648 2568 annonam
675 2528 770 2567 caram
798 2529 813 2567 e
840 2513 890 2566 vili
918 2513 1088 2567 concinnant

69 2587 155 2640 viris'.
192 2586 258 2639 idao
277 2585 306 2638 in
326 2584 499 2655 Sitellitergo
522 2585 598 2639 idam
618 2584 660 2638 ait
679 2585 826 2656 [fr.1L.]:
853 2584 896 2637 Ἀ,
915 2584 1017 2638 mulier
1035 2587 1087 2651 ast,

69 2656 252 2712 uxorculavit.
294 2656 397 2726 Rogo
422 2657 495 2723 novi,
523 2655 581 2709 soio
608 2655 730 2710 axitiosa
745 2654 759 2728 f
775 2672 861 2724 quam
887 2655 924 2709 sit
949 2655 994 2726 [ao
1021 2655 1087 2710 sitio

69 2745 172 2798 aquam
191 2728 247 2782 sio:
264 2745 312 2782 em.
332 2728 468 2800 Sotoeill'.
503 2740 609 2783 claudius
623 2759 658 2782 .—
672 2741 752 2782 ueta.
785 2729 869 2782 Paul.
889 2727 962 2782 Fosi.
977 2744 1007 2796 p.
1028 2731 1086 2794 3,3

69 2799 182 2856 axitiosi
204 2799 319 2854 faotiosi
339 2799 519 2866 dicabantur,
543 2816 607 2853 oum
629 2799 724 2868 pluras
746 2814 804 2851 una
822 2797 892 2866 quid
910 2799 1028 2868 agerent
1045 2798 1086 2851 ia-

69 2875 226 2940 oorantqua.
255 2871 316 2924 axit
334 2872 429 2924 autom
448 2869 552 2924 dixisse
571 2870 702 2938 antiquos
721 2887 771 2939 pro
789 2869 886 2940 egerit,
905 2868 1087 2924 manifestum

69 2947 124 3009 ost3
146 2942 223 2997 undo
247 2942 337 2996 auitos
355 2941 485 2997 mulieres
505 2942 563 2997 sivo
582 2941 634 2995 viri
653 2941 706 3012 [dii
724 2941 818 2996 codd:
840 2958 888 2995 em.
908 2941 992 3013 Saul]
1012 2940 1085 2999 dioe-

71 3015 173 3068 bantnr
190 3015 386 3084 unaagentos.
414 3014 450 3080 of.
467 3013 553 3069 OGL
572 3013 636 3078 Vo,
651 3016 694 3066 32.
710 3017 774 3079 440,
787 3016 832 3067 27.
849 3017 910 3081 561,
926 3017 968 3066 19.
995 3012 1086 3078 Gootz,

71 3087 152 3142 Arois.
167 3087 189 3153 f.
205 3087 271 3140 Lot.
286 3086 353 3140 Lex.
368 3088 396 3152 2,
410 3089 485 3140 339..
502 3085 600 3152 Maru,
620 3085 672 3140 Ro.
689 3084 765 3138 Mos.
780 3087 823 3150 41,
839 3088 892 3138 551
904 3100 941 3153 sq.

140 3180 156 3228 8
175 3175 242 3228 axit.
275 3175 385 3244 wripsi:
405 3174 529 3228 aotiosao
635 3197 637 3204 ,

529 3310 550 3366 7
591 3308 611 3366 5

136 3414 285 3474 doliouum
308 3447 350 3455 —-
375 3413 517 3474 Claudius
541 3300 589 3472 ab[
602 3300 742 3490 eliquato.

145 3515 233 3568 Varro
251 3514 285 3568 de
303 3514 321 3568 l.
336 3515 371 3568 L.
387 3517 404 3567 7
410 3555 417 3580 ,
433 3518 487 3569 106
509 3514 539 3567 in
558 3512 659 3567 Casina
678 3512 768 3584 [2061.
784 3543 817 3551 -
837 3509 967 3566 Aurelius
986 3510 1086 3564 soribit

73 3601 180 3641 &nouum
198 3585 247 3656 [[1.
263 3586 301 3657 5],
323 3597 429 3641 claudius
443 3601 471 3640 ab
485 3600 514 3640 al.
1180 3589 1182 3597 ’

124 3685 287 3726 Grammaticus
301 3685 417 3725 Romanas
431 3685 560 3734 fragmenta
580 3682 614 3724 ad.
629 3684 752 3724 Fumont
856 3675 870 3720 'l
