2444 3902
399 203 437 261 Μ.
456 203 604 258 Terentius
619 203 711 258 Varro
998 203 1062 268 231

487 375 551 432 120
574 366 643 452 [4]

117 481 134 538 l.
159 479 259 539 XXV.
305 498 369 558 ego
393 477 530 556 σπάρτα
560 479 654 555 apud
677 479 868 538 Homerum
891 499 956 538 non
982 480 1064 557 plus

59 571 209 643 spartum
250 568 467 647 significare
503 571 589 644 puto
627 583 732 644 quam·
767 567 962 647 σπάρτους,
1004 568 1064 645 qui

60 657 217 716 dicuntur
239 658 276 715 in
299 676 385 736 agro
404 657 571 717 Thebano
594 659 680 716 nati.
717 659 753 716 in
773 656 925 718 Graecia
946 659 1066 734 sparti

60 747 154 822 copia
185 746 284 805 modo
317 746 437 823 coepit
469 765 546 806 esse
578 766 618 805 ex
645 746 833 822 Hispania.
878 765 992 823 neque
1026 765 1066 806 aa

59 837 133 910 ipsa
149 836 327 895 facultate
347 835 404 896 usi
421 835 586 912 Liburn13
609 839 663 894 set
685 836 722 894 hi
745 836 938 912 plerasque
956 854 1092 896 navesa

60 923 142 984 loris
172 925 336 1000 suebant,
368 921 498 984 Graeci
529 925 643 1002 magis
675 924 835 985 cannabo
868 927 902 984 et
934 928 1067 1001 stuppa

61 1015 254 1089 ceterisque
277 1013 410 1074 sativis
433 1014 552 1086 rebus‚'
583 1034 600 1072 a
624 1014 753 1091 quibus
781 1013 917 1092 σπάρτα
941 1014 1066 1091 appel·

61 1101 184 1161 labant.

128 1193 192 1248 Gerr.
208 1197 250 1260 17,
264 1197 291 1259 3,
304 1197 322 1246 4
340 1192 413 1247 liber
431 1193 467 1248 ab
482 1209 514 1247 eo
528 1192 654 1262 prolatus
670 1224 704 1232 —
718 1191 755 1247 M.
766 1191 901 1247 Varronis
918 1191 1067 1247 vicerimus

66 1263 172 1330 quintus
189 1263 387 1330 humanarum,
410 1264 440 1317 in
464 1280 519 1331 quo
548 1264 583 1318 da
610 1263 665 1319 islo
693 1263 807 1318 Homeri
832 1264 916 1318 verbo
943 1262 1067 1334 [σπάρτα

63 1333 216 1400 11.2,135:
244 1336 293 1390 καὶ
317 1334 352 1404 δὴ
376 1337 466 1404 δοῦρα
486 1332 586 1404 σέσηπε
605 1343 677 1390 νεῶν
696 1334 744 1389 καὶ
762 1334 872 1404 σπάρτα
890 1331 1030 1405 iilaesos]
1051 1350 1068 1388 a

63 1402 177 1462 Varrone
193 1407 234 1460 ila
253 1406 388 1476 scriplum
408 1408 464 1462 aad:
483 1431 526 1472 ομ
540 1414 634 1476 σπάρτα
647 1437 674 1447 -
688 1422 838 1470 appamenus
859 1408 894 1474 cf.
909 1407 984 1461 Plias
999 1422 1027 1459 a.
1042 1407 1067 1460 la

65 1479 103 1541 19,
116 1479 158 1531 25.
174 1481 219 1544 24,
233 1481 278 1533 65.
315 1478 426 1545 Schoell,
444 1485 508 1534 aeta
525 1495 578 1533 soc.
592 1479 662 1547 phul.
683 1479 761 1548 Lipe.
782 1481 884 1544 6,129.

454 1613 517 1671 121
543 1605 609 1690 [rx
629 1604 661 1690 1]

125 1715 310 1776 Numerius
321 1717 491 1794 Equitius
503 1717 641 1794 Cuppae
657 1721 691 1777 et
706 1716 1069 1777 O.ManiusMacellus

66 1805 230 1882 singulari
247 1806 445 1866 latrocinio
464 1807 580 1865 multa
597 1806 678 1867 loca
694 1807 900 1867 habuerunt
923 1807 1068 1876 infesta.

67 1891 115 1951 his
127 1895 160 1952 in
173 1896 341 1955 exsilium
356 1898 449 1955 actis
462 1895 554 1954 bona
572 1896 760 1972 publicata
774 1900 871 1968 sunt,
890 1894 995 1954 aedes
1009 1895 1071 1953 ubi

67 1980 270 2062 habitabant
297 1985 441 2044 dirutae
465 2005 554 2060 eque
578 2004 618 2044 ea
640 1984 793 2061 pecunia
820 1985 942 2044 scalae
969 1985 1070 2044 deum

67 2075 237 2146 penatium
260 2074 482 2133 aedificatae
505 2078 596 2133 sunt.
629 2074 691 2133 ubi
712 2073 933 2133 habitabant
954 2075 1096 2148 leonas

68 2158 121 2218 nbi
146 2164 311 2221 venirent
341 2181 394 2238 ea,
427 2181 516 2238 quae
546 2162 715 2222 vescendi
745 2181 853 2222 eausa
883 2165 919 2221 in
949 2161 1071 2221 urbem

68 2253 159 2310 erant
176 2252 300 2312 allata.
323 2253 447 2328 itaque
467 2252 509 2310 ab
529 2253 645 2311 altero
663 2251 867 2327 macellum,
890 2253 932 2311 ab
952 2252 1071 2310 altero

68 2337 170 2399 iorum
192 2341 406 2417 cuppedinis
431 2342 664 2417 appellatum.

128 2430 198 2485 Doa.
221 2432 280 2486 Ter.
299 2447 361 2485 eun.
380 2435 408 2496 2,
421 2434 449 2497 2,
463 2430 519 2485 25’
544 2429 632 2485 Varro
655 2431 841 2484 humanarum
860 2446 965 2484 rerum:
989 2443 1073 2484 Nume-

68 2511 107 2553 sn
126 2515 163 2564 aq.
186 2515 274 2564 cuppas
301 2501 394 2570 inquit
421 2520 443 2556 aa
466 2533 493 2541 -
516 2517 662 2565 apponerem„
709 2503 791 2557 Paul.
820 2502 894 2556 Fert.
919 2519 948 2570 p.
975 2504 1072 2567 48,15

69 2585 160 2640 cappos
178 2577 206 2626 al
225 2573 346 2642 cupedia
365 2573 476 2642 anliqui
495 2572 629 2627 lauciores
649 2573 726 2628 cibos
745 2572 943 2638 nominabanl3
962 2572 1029 2626 inde
1043 2573 1073 2626 ed

68 2643 199 2698 macellum
220 2643 313 2698 forum
331 2644 477 2714 cupedinis
496 2643 687 2713 appellabant.
712 2644 832 2714 cupedia
851 2645 945 2698 aulem
964 2643 1073 2712 acupi-

68 2710 146 2768 ditate
163 2719 228 2771 eunt
247 2715 338 2783 dicia,
356 2715 413 2782 vel,
433 2715 507 2769 sicut
524 2715 614 2770 Varro
633 2715 686 2779 aid,
706 2716 781 2784 quod
800 2715 841 2770 ibi
859 2715 945 2769 fuerit
964 2713 1073 2784 (luppe-

68 2781 131 2839 dinis
148 2785 250 2854 equilis
270 2786 383 2854 domus,
406 2786 456 2854 qui
473 2787 567 2841 fuerat
590 2787 625 2842 ob
644 2785 825 2841 latrocinium
843 2787 1001 2843 domnolus.
1036 2787 1071 2854 cf.

73 2854 148 2912 Varro
161 2859 192 2913 de
207 2859 224 2913 1.
240 2859 274 2912 L.
291 2862 389 2924 5146.
410 2862 471 2913 147.
496 2859 578 2914 Paul.
593 2859 668 2914 Feat.
683 2876 710 2926 p.
726 2861 789 2924 125,
805 2861 835 2918 7.,
850 2860 924 2914 Dora
941 2859 998 2913 Tea
1010 2875 1071 2912 eoa.

67 2929 91 2991 2,
99 2931 124 3051 Ξ,
131 2929 187 2984 26’.
206 2930 294 2986 Soror.
313 2930 371 2984 Ter.
386 2947 448 2984 am.
462 2933 491 2995 2,
504 2933 532 2996 2,
545 2933 591 2985 21.
605 2935 651 2984 25.
672 2931 747 2984 Non.
762 2947 792 2998 p.
809 2933 855 2996 85,
870 2934 895 2984 9.
916 2931 1018 2984 Aaecd.
1033 2929 1073 2984 Η.

66 3012 89 3064 ρ.
120 3005 159 3067 15,
171 3005 197 3058 3.

129 3095 141 3143 1
162 3073 301 3144 dmanins
318 3091 403 3145 Velio.
414 3091 479 3146 Lat.
490 3094 564 3146 2905
578 3090 720 3144 romanins
732 3089 819 3145 Onon.
838 3104 969 3144 romanus
986 3089 1072 3142 Vatia.

68 3156 153 3230 Recio.
175 3163 241 3216 Lat.
261 3164 335 3216 1595
362 3168 387 3216 et
415 3166 487 3217 1496
515 3161 625 3216 Manius
654 3163 838 3218 Reitzenstein
865 3159 899 3215 O.-
919 3159 1073 3214 Romanius

67 3227 208 3360 dudm?
294 3237 310 3286 5
329 3232 379 3288 ubi
393 3233 457 3288 hab.
472 3235 624 3303 repetitam,
637 3234 810 3288 scribendae
827 3230 987 3302 publicatus
1002 3231 1073 3286 coci.

432 3405 498 3462 122
528 3396 650 3481 [xxm
667 3395 698 3480 1]

124 3511 264 3585 equites
287 3508 380 3583 apud
402 3511 544 3568 veteres
567 3509 756 3566 flexuntae
779 3505 1012 3566 vocabantur.

130 3605 200 3662 aen.
220 3607 297 3662 Dara.
318 3607 387 3664 Aea.
407 3611 433 3673 9,
447 3610 508 3661 603
526 3605 638 3660 flectere
657 3607 753 3660 autem
770 3604 854 3659 verbo
873 3604 989 3670 antiquo
1008 3619 1076 3656 usas
