2460 3900
148 163 189 226 78
328 161 534 216 Grammatioee
554 163 804 217 entererronienee
823 162 982 233 fragmento
1045 156 1048 164 ⁴

145 322 276 377 Valerius
296 322 417 377 Serenus
436 322 466 375 in
484 321 573 384 libris,
597 339 667 390 quoe
691 321 885 377 ἐποπτίὸωι·
909 323 1060 393 ineoripeit.
1106 326 1173 380 inde

145 397 194 450 oio
211 401 395 450 manaverunt
412 411 445 448 ea
462 411 532 462 quoe
550 394 583 448 de
601 395 711 449 nomine
729 396 834 450 Romae
852 397 884 449 r‘rz
902 402 958 450 test.
980 400 997 449 3
1015 403 1090 450 sent.

219 479 244 528 6.
273 476 390 545 Aequor.
421 476 471 529 eie.
497 474 522 528 d.
548 477 606 540 7‚9
635 473 772 542 quoedem
797 489 914 527 versuo
937 473 1045 528 Velerii
1068 473 1173 529 Sorani

147 545 262 614 exponit
275 545 351 599 idem
365 545 453 599 Varro
468 545 497 598 in
513 562 545 600 eo
559 544 641 614 libro,
660 561 744 613 quem
759 561 882 599 seorsum
896 544 933 598 ab
952 545 1015 600 istie
1035 545 1069 599 de
1091 547 1173 601 cultu

148 617 262 671 deorum
282 615 403 686 scripsit,
422 616 471 684 qui
489 633 585 670 versuo
603 617 634 669 hi
653 618 718 670 sunt
737 617 766 688 [4
785 616 897 688 Beeh.]:

254 696 382 766 Iuppiter
399 696 575 764 omnipotens
594 712 687 751 rerum
704 712 858 766 regumque
876 699 1010 765 repertor,
1223 681 1224 766 i

254 777 417 846 progenitor
435 777 619 848 genetrixque
639 777 730 844 deum,
751 777 818 831 deus
836 795 908 830 unue
928 779 957 830 et
974 777 1059 831 idem.
1223 767 1224 792 ¹

218 859 250 913 de
265 858 373 912 Valerii
385 859 506 912 carmine
515 858 741 926 phrosophoeom
755 875 828 913 more
842 859 961 925 conferto
975 859 1009 924 of.
1024 857 1172 925 Sesemrhz,

148 929 241 984 Geroh.
262 929 287 982 d.
309 928 415 984 Grieoh.
435 929 503 983 Lite.
524 930 602 997 (Lpr.
620 931 702 998 1891)
722 934 747 995 1,
763 933 826 984 896.
870 951 871 956 ¹

218 1015 347 1079 4regum
356 1025 504 1076 rerumque
515 1008 653 1077 deumque
663 1010 794 1080 Aequor:
810 1025 858 1064 em.
869 1009 1001 1079 mythoqr.
1060 1014 1076 1062 5
1092 1009 1172 1064 idem

146 1082 228 1151 rrryth
249 1081 339 1134 omnis
357 1081 475 1151 Aequor.

219 1163 243 1215 7.
268 1167 362 1215 temere
384 1162 526 1230 Tarpeiae
544 1162 611 1231 loeis
629 1161 778 1216 eoreoieair'e
795 1163 952 1230 scriptorem
976 1159 1007 1230 Q.
1027 1160 1171 1216 Valerium

147 1248 201 1286 esee
219 1234 376 1300 respiceres
395 1239 433 1286 est
450 1233 602 1299 Baehrerro,
620 1232 704 1290 FPR
713 1250 743 1301 p.
758 1235 821 1286 423.

147 1372 359 1428 DOCTRINAE

218 1485 245 1534 8.
268 1481 335 1535 Gerr.
354 1485 473 1550 2‚10‚3
492 1508 526 1528 --·
546 1483 634 1536 Varro
653 1484 729 1550 epist.
749 1481 794 1535 ad.
813 1482 870 1537 Ser.
890 1480 992 1549 Sulpio.
1011 1481 1047 1547 fr.
1062 1485 1124 1536 228

224 1642 330 1696 Valerii
338 1643 475 1711 'reliquiar
487 1642 545 1697 roll.
561 1645 704 1698 Baehrens
718 1642 831 1713 Fraqm.
847 1642 921 1697 Poet.
936 1642 1017 1696 Rom.
1041 1642 1170 1710 (Lr'rrer'oe
1224 1677 1225 1706 3

148 1714 234 1782 1886)
248 1731 278 1782 p.
293 1716 351 1768 272
364 1730 411 1782 oq„
430 1716 510 1768 cuiue
527 1731 654 1770 numeros
671 1716 791 1770 inclusor
808 1715 875 1768 meir
893 1713 1000 1767 addidi.

491 1947 526 2011 B.
550 1945 824 2014 FRAGMENTA

503 2103 687 2159 INCERTAE
707 2103 808 2159 seme

611 2243 629 2296 1
655 2231 704 2318 [1]

214 2347 318 2402 vetus
342 2344 471 2422 adagio
495 2347 561 2420 est,
585 2365 602 2404 o
626 2344 658 2403 P.
684 2345 806 2420 Scipio

225 2435 312 2488 Varro
340 2435 373 2488 de
391 2437 407 2490 l.
433 2435 467 2488 L.
487 2439 517 2500 7,
537 2439 571 2489 31
601 2434 676 2504 epud
704 2433 848 2488 Valerium
877 2433 1024 2488 Serenum:
1053 2452 1119 2489 vetus
1133 2465 1167 2474 -

147 2517 229 2570 Scipio,
253 2505 328 2572 quod
346 2506 461 2559 verbum
479 2523 568 2574 usque
587 2523 620 2561 eo
639 2506 765 2573 evanuit,
788 2508 820 2559 ut
840 2504 977 2561 Greeoum
995 2522 1046 2574 pro
1066 2521 1099 2560 eo
1117 2523 1167 2575 po·

147 2577 342 2701 gffiirnegis
362 2577 399 2631 eit
418 2581 559 2645 apertum
583 2596 649 2631 nem
667 2578 698 2631 id
722 2579 764 2631 eet
787 2577 862 2645 quod
885 2575 1041 2646 παροιμίαν
1063 2579 1168 2631 vocent

218 2728 299 2782 verba
317 2735 386 2784 recte
404 2730 511 2784 tradita
525 2737 595 2800 peto

607 2873 630 2930 2
668 2874 688 2929 3

215 2976 407 3052 soruppidem
430 3009 472 3018 -
495 2976 635 3036 Valerius
654 2866 774 3053 [e]pede
797 2995 831 3036 ae
854 2995 987 3053 scrupea.

225 3066 313 3121 Varro
332 3067 365 3120 de
383 3069 400 3121 l.
420 3067 455 3120 L.
475 3072 500 3133 7,
516 3069 552 3121 65
570 3081 714 3130 eomppidem
731 3066 861 3121 Aureliur
881 3067 928 3139 [fr.
943 3067 1001 3138 15],
1022 3066 1165 3120 luventius

148 3137 248 3208 [fr.1]‚
268 3152 420 3192 Valerius·
435 3163 534 3201 scrupea.
566 3140 600 3206 ef.
621 3139 659 3192 eci
676 3141 747 3193 Aur.
770 3138 849 3208 Opril.
871 3139 888 3192 l.
908 3155 929 3192 o.

610 3293 630 3345 ,ι
656 3283 704 3368 [2]

214 3393 345 3453 Accius
364 3394 553 3454 Hectorem
572 3394 690 3454 nollet
707 3397 838 3470 fecero,
861 3395 1021 3455 Hectore
1039 3395 1163 3455 mallet

224 3484 313 3538 Varro
336 3484 369 3538 de
392 3486 409 3539 l.
424 3485 459 3539 L.
480 3490 524 3551 10,
538 3489 574 3539 70
605 3484 707 3539 Aooius
734 3485 804 3539 heeo
831 3485 988 3556 [Hectorem
1010 3483 1162 3552 Notene]

148 3554 178 3607 in
201 3554 355 3624 tragoediis
378 3554 485 3626 lergiue
508 3572 525 3609 a
548 3556 642 3624 prieoe
665 3556 867 3610 consuetudine
889 3573 1001 3611 movere
1024 3556 1118 3626 eoepit
1135 3565 1162 3608 et
