2460 3900
164 210 229 274 134
315 209 520 264 Grammaticos
540 211 641 265 aetatis
661 210 851 266 varronianae
869 211 1027 281 fragmenta

345 455 390 538 L.
424 452 695 539 ORBILIUS
727 453 994 540 PUPILLUS

505 694 543 758 A.
568 693 836 761 TESTIMONIA

161 798 272 854 VITAE

234 913 259 961 1.
286 906 359 962 Suet.
379 907 411 960 de
429 923 542 977 pravam.
564 909 581 960 9
601 905 802 979 <L.>Orbilius
820 906 948 976 Pupillus
967 907 1165 961 Beneventanus

162 980 268 1033 Lucius
282 995 450 1047 praenomen
468 979 500 1031 ie
518 979 609 1034 iudice
628 978 753 1034 Suetonii
771 980 788 1032 l.
807 996 828 1033 e.
849 985 902 1047 eet;
921 980 1056 1048 ceteroqui
1072 980 1096 1033 ie
1112 976 1165 1031 ‘Or-

161 1050 255 1105 bilius'
275 1056 460 1120 aeewupetwr.

232 1134 259 1184 2.
288 1130 361 1185 Suet.
380 1130 446 1184 ebid.
472 1131 562 1183 morte
585 1132 736 1199 parentum
759 1146 816 1183 una
838 1131 924 1197 atque
943 1129 1044 1184 eadem
1063 1129 1106 1182 die
1121 1127 1167 1180 ini-

162 1201 299 1255 micorum
323 1200 388 1255 dolo
414 1200 647 1269 interemptorum
675 1200 840 1270 destitutus,
867 1201 959 1269 primo
987 1201 1168 1271 apparituram

162 1272 377 1342 magistratibus
396 1271 473 1339 fecit,
496 1272 598 1335 deinde
616 1271 647 1326 in
665 1271 833 1326 Macedonia
851 1271 1001 1338 corniculo,
1024 1288 1090 1326 mox
1106 1286 1168 1337 equo

161 1344 277 1411 meruit,
306 1343 474 1412 tinctusque
500 1343 605 1397 militia
630 1343 725 1398 studia
749 1343 877 1413 repetiit,
905 1360 977 1412 quae
995 1343 1056 1396 iam
1079 1342 1169 1396 iudae

162 1431 250 1484 puero
264 1431 321 1468 non
334 1415 435 1469 leviter
454 1415 602 1485 attigerat3
622 1431 655 1468 ac
668 1414 810 1484 professus
825 1415 874 1468 diu
887 1415 917 1468 in
930 1415 1025 1484 patria
1044 1415 1170 1484 quinque·

162 1486 269 1555 gesimo
302 1487 414 1540 demum
448 1502 521 1540 anno
549 1485 667 1540 Romam
699 1486 813 1551 consule
843 1484 973 1541 Cicerone
1009 1487 1048 1558 [a.
1069 1483 1169 1558 691J63]

162 1556 278 1610 transiit
287 1590 329 1611 —.
349 1558 420 1612 vixit
434 1574 522 1627 prope
533 1558 568 1611 ad
579 1557 762 1611 centesimum
776 1557 878 1611 aetatis
892 1574 997 1611 annum
1012 1556 1170 1612 amissaiam

162 1629 271 1697 pridem
289 1629 433 1696 memoria,
452 1632 483 1682 ut
502 1645 596 1683 versus
610 1628 739 1682 Bibaculi
759 1628 841 1684 docet
861 1629 991 1700 [FPR4
1006 1630 1069 1701 B.]:
1090 1627 1170 1682 ‘Orbi-

161 1700 217 1754 lius
235 1700 352 1754 ubinam
371 1704 421 1767 est,
442 1699 601 1754 litterarum
620 1700 751 1755 oblivio?

234 1784 259 1834 3.
288 1781 360 1836 Suet.
375 1782 442 1836 ibid.
462 1780 517 1834 fuit
532 1782 627 1834 autem
641 1783 759 1834 naturae
774 1780 892 1834 acerbae
911 1812 945 1820 —
965 1781 1012 1852 [ct.
1031 1782 1066 1835 de
1080 1783 1134 1835 ciue
1146 1781 1171 1831 ia

162 1853 312 1922 discipulos
335 1855 480 1922 asperitate
502 1869 590 1920 sopra
613 1852 657 1906 De
680 1852 736 1906 led.
761 1853 811 1907 litt.
836 1860 892 1908 test.
909 1853 965 1923 35].
998 1868 1032 1905 ac
1051 1868 1087 1906 ne
1104 1850 1171 1920 priu-

163 1922 258 1992 cipum
272 1924 386 1991 quidem
400 1924 521 1978 virorum
535 1923 721 1976 insectatione
735 1923 881 1990 abstinuit,
900 1924 924 1978 si
939 1922 1054 1991 quidem
1068 1923 1171 1992 ignotus

164 1994 256 2048 adhuc
275 2011 339 2048 cunr
356 1995 461 2048 iudicio
481 1993 622 2062 frequenti
640 1994 834 2048 testimonium
853 1994 966 2061 diceret,
991 1994 1172 2062 interrogatus

163 2082 181 2118 a
196 2064 320 2120 Varrone
335 2066 462 2121 diversae
475 2066 565 2136 partis
581 2066 716 2120 advocato
731 2065 867 2133 quidnam
882 2067 977 2135 ageret
995 2067 1024 2118 et
1043 2082 1099 2133 quo
1113 2063 1171 2118 erti-

162 2136 226 2190 ficio
249 2139 385 2204 uteretur,
409 2138 571 2208 gibberosos
596 2153 625 2191 se
644 2138 680 2192 de
699 2137 757 2192 sole
775 2137 805 2190 in
824 2137 951 2191 umbram
969 2136 1121 2190 mansferre
1137 2151 1172 2187 re

163 2208 287 2276 spondit,
305 2209 380 2277 quod
399 2209 517 2263 Murena
534 2209 633 2279 gibber
652 2211 719 2262 erat.

235 2291 276 2342 3².
306 2291 430 2344 Macrob.
451 2292 479 2356 2,
494 2294 552 2356 6‚4
584 2290 614 2343 in
637 2288 757 2344 eundem
778 2288 898 2342 Galbam
920 2288 1078 2359 [oratorem]
1102 2284 1172 2341 Orbi-

163 2358 218 2411 lius
237 2360 437 2429 grammaticus
457 2359 584 2414 acerbius
607 2360 708 2414 inrisit.
742 2360 885 2428 prodierat
904 2357 1027 2413 Orbilius
1049 2359 1082 2412 in
1104 2373 1174 2410 reum

163 2429 257 2496 testis;
277 2448 360 2499 quem
374 2431 465 2486 Galba
478 2434 510 2485 ut
524 2431 715 2500 confunderet,
735 2430 912 2485 dissimulata
929 2429 1104 2499 professione
1122 2428 1173 2482 eius

164 2501 350 2573 interrogavit
361 2503 442 2572 ‘quid
457 2503 560 2557 artium
573 2502 683 2557 facisl’:
706 2503 852 2572 respondit
864 2503 904 2556 ‘in
918 2501 975 2556 sole
989 2501 1093 2571 gibbos
1108 2499 1173 2554 soleo

163 2571 284 2628 fricare?
314 2574 347 2627 de
365 2576 456 2629 indole
478 2576 581 2629 Orbilie'
600 2576 634 2640 cf.
650 2574 822 2645 AOLeape,
843 2575 928 2628 Verm.
943 2573 1053 2639 Selirift.
1069 2592 1097 2627 a.
1114 2569 1173 2626 aed.

164 2643 244 2712 (Lpz.
259 2648 344 2714 1832)
359 2662 388 2713 p.
404 2649 458 2701 182
471 2663 509 2714 sq.

235 2728 260 2778 4.
289 2725 361 2780 Suet.
372 2727 438 2780 ibid.
449 2726 566 2792 reliquit
575 2725 665 2778 filium
675 2725 821 2780 Orbilium.
841 2726 875 2792 ef.
886 2725 930 2779 De
940 2724 995 2778 lad.
1007 2725 1058 2779 litt.
1070 2730 1125 2779 teet.
1136 2724 1173 2776 52.

236 2808 261 2858 5.
291 2806 363 2860 Suet.
391 2806 495 2860 ibide
532 2823 601 2874 quos
633 2805 720 2860 libros
753 2806 911 2877 [capeliam
938 2805 1031 2858 Ennii
1063 2803 1175 2860 elenchos

166 2875 207 2928 M.
223 2877 357 2945 Pompilii
374 2877 542 2948 Andronici]
562 2876 686 2930 Orbilius
705 2893 867 2946 suppressos
886 2875 1035 2930 redemisse
1059 2892 1090 2930 se
1113 2870 1175 2926 dicit

165 2946 375 3017 vulgandosque
395 2965 505 3003 curasse
523 2949 635 3002 nomine
655 2948 784 3003 auctoris.

237 3033 262 3082 6.
291 3028 364 3083 Suet.
377 3030 472 3083 abido
486 3031 581 3082 statua
595 3029 654 3083 eius
664 3028 817 3084 Beneventi
832 3027 988 3084 ostenditur
1001 3027 1030 3080 in
1041 3021 1173 3096 Capitolio

166 3099 201 3152 ad
226 3100 370 3153 sinistrum
392 3100 467 3154 latus
490 3117 647 3154 marmoree
670 3100 770 3155 habitu
793 3100 915 3155 sedentis
939 3116 972 3153 ec
994 3097 1109 3167 palliati
1133 3111 1174 3162 ep-

164 3171 264 3239 positis
284 3171 392 3226 duobus
410 3171 527 3226 scriniis.

166 3323 405 3403 scaurorum

238 3477 263 3527 7.
292 3474 364 3529 Suet.
384 3476 449 3529 ibid.
473 3474 530 3528 iam
553 3491 689 3544 persenax
712 3491 864 3544 pauperem
887 3490 916 3528 se
936 3476 964 3527 et
982 3473 1112 3528 habitare
1128 3463 1170 3521 sub

166 3543 273 3669 tssffilig
290 3545 412 3669 {3}de
431 3546 534 3614 scripto
549 3545 661 3600 fatetur.
695 3548 729 3614 cf.
747 3547 934 3613 Greeleaboa,
955 3547 1047 3602 Gescll.
1063 3546 1092 3600 d.
1106 3543 1173 3598 clue.

211 3632 239 3667 e.
273 3655 281 3680 ,
353 3659 358 3670 .
