2444 3902
389 184 426 240 M.
446 183 595 238 Terentius
612 182 700 236 Varro
721 223 723 228 .
988 180 1051 244 221

38 354 150 413 dictum
174 358 203 412 et
224 353 347 413 tertiam
370 353 530 428 quandam,
560 354 643 412 cuius
666 370 745 410 nunc
767 351 841 410 mihi
864 369 972 410 nomen
994 369 1053 408 non
1068 367 1094 405 sc

39 442 178 518 subpetit,
199 445 231 501 in
255 442 382 519 pistrino
405 462 472 501 eum
496 442 646 516 scripsisse
670 443 767 501 Varro
790 444 820 498 et
842 439 977 516 plerique
1001 438 1054 496 alii

39 534 195 590 memoriae
218 531 415 606 tradiderunt,
440 550 506 590 curn
528 533 655 606 pecunia
678 531 768 603 omni,
792 547 882 604 quam
904 529 936 586 in
956 529 1053 604 operis

41 620 186 680 artificum
199 623 402 680 scaenicorum
415 622 579 696 pepererat,
596 620 628 676 in
642 618 821 678 mercatibus
836 618 954 693 perdita
967 619 1054 692 inops

40 709 164 768 Romam
194 709 320 769 redisset
349 713 378 768 et
410 709 447 768 ob
480 707 681 784 quaerendum
716 709 828 766 victum
862 707 900 764 ad
931 708 1054 764 circum-

41 797 168 875 agendas
186 800 291 873 molas,
314 817 389 874 quae
407 798 563 856 trusatiles
584 797 785 873 appellantur,
808 815 929 871 operam
947 796 1094 871 pistoriae

42 887 174 946 locasset.

107 1013 194 1071 sicuti
224 1011 260 1070 de
287 1009 403 1070 Naevio
433 1030 553 1086 quoque
582 1011 749 1086 accepimus
779 1009 896 1067 fabulas
927 1027 994 1067 curn
1023 1009 1055 1066 in

45 1117 155 1160 carcere
185 1101 258 1160 duas
288 1101 453 1177 scripsisse,
485 1100 642 1158 Hariolum
673 1101 704 1157 et
733 1098 888 1171 Leontem,
921 1116 988 1156 cum
1018 1097 1055 1156 ob

45 1189 191 1248 asddnam
212 1190 453 1248 maledicentiam
473 1192 503 1248 et
520 1188 630 1264 probra
649 1188 681 1245 in
699 1188 849 1263 principes
868 1188 1000 1245 civitatis
1020 1186 1056 1243 de

48 1275 219 1338 Graecorum
237 1282 394 1356 poetarum
412 1297 494 1338 more
510 1278 589 1338 dicta
608 1279 640 1334 in
653 1277 773 1336 vincula
788 1277 899 1334 Romam
915 1295 933 1334 a
951 1275 1055 1334 trium·
1069 1293 1096 1332 ro

48 1368 113 1427 viris
132 1369 280 1428 coniectus
299 1371 383 1427 esset.
420 1367 499 1426 unde
516 1369 584 1443 post
603 1385 621 1424 a
638 1366 768 1424 tribunis
788 1366 884 1441 plebis
903 1365 1056 1440 exemptus

50 1458 101 1528 ec,
128 1476 193 1515 cum
221 1459 253 1515 in
280 1458 327 1515 his
355 1475 429 1533 quas
459 1476 549 1531 supra
576 1456 638 1514 diri
667 1455 776 1513 fabulis
807 1454 916 1513 delicta
944 1472 998 1512 sua
1026 1455 1057 1511 et

50 1545 223 1617 petulantias
243 1546 398 1619 dictorum,
418 1545 524 1621 quibus
542 1545 653 1603 multos
668 1547 737 1602 ante
755 1545 893 1618 laeserat,
912 1543 1055 1601 diluisset.

116 1670 182 1726 Gall.
197 1675 255 1738 3,3
274 1683 350 1725 verum
368 1696 415 1725 esse
432 1684 562 1736 comperior,
581 1670 656 1738 quod
675 1669 812 1738 quosdam
830 1669 901 1722 bene
916 1668 1056 1722 litteratos

52 1737 168 1797 homines
187 1742 279 1796 dicere
298 1741 405 1807 audivi,
424 1741 473 1810 qui
490 1741 639 1810 plerasque
655 1739 751 1794 Plauti
770 1740 929 1794 comoedias
949 1739 1057 1793 curiose

54 1813 128 1878 atque
145 1816 276 1869 contente
294 1813 466 1880 lectitarunt,
484 1839 531 1867 non
543 1827 655 1866 musicus
668 1845 695 1852 -
708 1826 783 1866 snus
796 1827 860 1877 roret,
879 1827 970 1880 neque
985 1809 1056 1864 alins

55 1882 191 1952 quisquam
210 1902 265 1940 non
285 1884 446 1953 infrequens
466 1884 560 1938 Plauti
581 1884 669 1938 lector
691 1883 877 1950 dubitaverit,
900 1883 924 1936 si
943 1881 987 1936 vel
1005 1882 1057 1935 hos

55 1952 118 2030 ¹solos
135 1972 169 2010 ex
188 1973 221 2012 ea
239 1955 337 2010 fabula
356 1973 449 2009 versus
468 1955 638 2026 cognoverit,
659 1955 707 2022 qui
726 1954 860 2023 quoniam
878 1955 952 2021 sunt,
971 1955 1004 2006 ut
1022 1954 1057 2007 de

56 2021 121 2078 illins
137 2027 231 2081 Plauti
249 2044 325 2080 more
345 2027 451 2093 dicam,
469 2026 687 2093 Plautiniesimi,
715 2028 864 2094 propterea
883 2027 911 2078 et
929 2023 1056 2079 memini-

57 2111 107 2147 mus
132 2115 179 2152 eos
206 2101 235 2153 et
263 2098 450 2167 ascripsimus.
500 2097 641 2166 parasitus
669 2096 710 2150 ibi
739 2097 862 2151 esuriens
889 2096 959 2149 haec
988 2095 1058 2149 dicit

57 2163 255 2232 [Pharisaeos.
274 2170 310 2236 fr.
326 2170 387 2224 113.
410 2170 543 2238 Aquilo.
559 2174 617 2238 Isq.
638 2168 759 2240 Ribb.³]:
785 2169 829 2221 ‘ut
847 2167 928 2221 illum
948 2166 977 2219 di
995 2182 1058 2235 per-

58 2234 126 2317 dant,
146 2241 253 2310 primns
276 2241 326 2309 qui
344 2241 427 2294 horas
445 2239 577 2310 repperit,
591 2242 602 2308 l
614 2241 718 2308 quique
738 2240 808 2294 adeo
830 2239 937 2308 primus
956 2237 1059 2292 statuit

58 2303 95 2360 hro
115 2311 259 2378 solarium;
270 2313 284 2383 s
295 2312 346 2380 qui
363 2312 433 2365 mihi
452 2312 617 2365 comminuit
636 2311 737 2364 misero
761 2310 932 2364 articulatim
951 2308 1061 2380 diem.)

57 2394 112 2457 pem
129 2381 257 2467 (unum>
281 2400 326 2437 me
345 2400 431 2453 puero
451 2384 547 2437 venter
565 2384 627 2436 erat
645 2382 775 2436 solarium
793 2383 807 2451 s
824 2381 913 2434 multo
933 2380 1058 2433 omnium

57 2451 161 2507 latorum
185 2458 324 2523 optrmum
347 2457 376 2509 et
398 2453 582 2508 verissimum.
594 2453 608 2525 s
618 2453 709 2507 ubivis
734 2452 795 2524 [ubi
813 2453 867 2506 iste
885 2452 975 2523 codd]
999 2468 1058 2504 mo-

58 2520 131 2578 nebat
154 2543 225 2592 esse,
253 2526 309 2579 nisi
333 2543 396 2580 cum
419 2525 490 2579 nibil
514 2525 609 2596 erats
620 2542 694 2578 nunc
717 2524 804 2578 etiam
822 2523 898 2592 quod
923 2523 978 2588 est,
1003 2538 1058 2575 non

58 2595 130 2662 ntur,
147 2598 202 2651 nisi
220 2596 274 2651 soli
292 2597 401 2668 libet3s
411 2597 508 2667 itaque
527 2598 598 2650 adeo
617 2597 674 2649 iam
693 2595 838 2664 oppletum
861 2596 905 2648 est
923 2593 1059 2664 oppidum

60 2662 191 2740 solatiiqs
208 2669 299 2723 maior
320 2685 386 2738 pars
408 2668 508 2738 populi
531 2667 605 2721 aridi
627 2668 741 2736 reptant
764 2666 860 2720 fame'.
906 2665 1058 2719 Favorinus

59 2749 165 2864 lilla
179 2742 287 2865 istc
309 2757 376 2864 elim
389 2738 966 2864 elttltlttffltutttlatlt
983 2736 1059 2861 itt

357 2854 363 2879 1

59 2873 98 2996 [lt.
109 2882 177 2953 to]
203 2883 344 2948 ‘scrattae
363 2882 524 2951 scrupedae,
544 2880 716 2935 strittivillae
731 2880 884 2944 sordidae’,
903 2878 1058 2933 delectatus

69 2954 138 3007 scete
160 2953 306 3007 verborum
330 2953 500 3021 antiquitate
523 2953 700 3006 meretricum
726 2951 795 3006 vitia
821 2953 904 3019 atque
928 2948 1058 3005 deformi-

60 3017 120 3075 tates
137 3025 369 3095 significantium:
390 3023 446 3077 ‘vel
460 3041 532 3078 unus
546 3023 650 3078 bercle'
670 3024 764 3091 inquit
783 3022 841 3076 ‘hic
855 3038 950 3076 versus
963 3019 1059 3074 Plauti

60 3105 110 3146 esse
125 3096 196 3150 banc
214 3095 340 3150 fabulam
359 3096 428 3149 satis
446 3097 541 3164 potest
558 3095 624 3148 fidei
637 3095 764 3156 iecisse&
801 3110 851 3147 nos
872 3108 983 3161 quoque
1001 3091 1060 3161 ipsi

60 3167 216 3234 nuperrime,
243 3184 306 3221 cum
329 3166 484 3237 legeremus
508 3167 621 3220 Fretum
644 3168 753 3236 (nomen
777 3164 867 3219 estid
888 3163 1059 3230 comoediae,

62 3247 131 3312 qoam
147 3238 242 3293 Plauti
261 3255 321 3292 esse
339 3237 455 3306 quidam
473 3255 529 3291 non
547 3239 668 3308 putant),
686 3237 757 3291 haut
775 3237 927 3305 quicquam
946 3234 1059 3289 dubita·

62 3317 148 3387 omns,
171 3310 241 3378 quin
264 3327 297 3364 ea
314 3308 409 3363 Plauti
428 3308 502 3363 foret
528 3313 557 3364 et
576 3309 700 3362 omniurn
728 3308 842 3377 quidem
866 3305 985 3360 maxime
1011 3323 1059 3375 ge-

61 3387 140 3433 nuina.
164 3397 272 3450 exque
291 3382 345 3434 duo
364 3381 415 3434 hos
433 3397 528 3434 versus
547 3380 739 3449 excripsimns,
758 3381 790 3432 ut
807 3378 956 3433 historiam
974 3393 1059 3446 quae·

62 3458 167 3507 teramus
177 3452 415 3507 oraculiArretini
437 3453 561 3524 fr.1L.]:
573 3453 659 3505 ‘nunc
668 3450 740 3504 illud
749 3455 800 3516 est,
810 3450 886 3518 quod
896 3465 1060 3518 responsum

63 3516 138 3577 Arrcti
156 3523 294 3595 [Arretini
311 3542 333 3578 r.
352 3523 428 3578 codd.
461 3523 535 3577 ludis
554 3522 664 3594 magnis
683 3521 797 3576 dicitur:
810 3524 823 3592 s
836 3521 942 3590 peribo,
962 3520 985 3574 si
1004 3537 1059 3574 non

63 3584 152 3662 socero,
181 3595 206 3650 si
228 3595 305 3662 faxo,
334 3593 437 3664 vapula
457 3595 494 3650 o'-.
535 3609 567 3663 nr.
587 3598 682 3661 tamen
701 3609 773 3647 verro
790 3607 815 3646 m
832 3607 891 3647 libro
909 3606 1059 3662 ssuuuruer
