<?xml version="1.0" encoding="UTF-8"?>
<!DOCTYPE html PUBLIC "-//W3C//DTD XHTML 1.0 Transitional//EN"
    "http://www.w3.org/TR/xhtml1/DTD/xhtml1-transitional.dtd">
<html xmlns="http://www.w3.org/1999/xhtml" xml:lang="en" lang="en">
 <head>
  <title>
</title>
<meta http-equiv="Content-Type" content="text/html;charset=utf-8" />
  <meta name='ocr-system' content='tesseract 3.04.00' />
  <meta name='ocr-capabilities' content='ocr_page ocr_carea ocr_par ocr_line ocrx_word'/>
</head>
<body>
  <div class='ocr_page' id='page_1' title='image "./grammaticaeroma00funagoog_0347.png"; bbox 0 0 2442 3902; ppageno 0'>
   <div class='ocr_carea' id='block_1_1' title="bbox 388 181 1048 256">
    <p class='ocr_par' dir='ltr' id='par_1_1' title="bbox 388 181 1048 256">
     <span class='ocr_line' id='line_1_1' title="bbox 388 181 1048 256; baseline 0.018 -21"><span class='ocrx_word' id='word_1_1' title='bbox 388 183 425 237; x_wconf 91' lang='lat' dir='ltr'><strong>M.</strong></span> <span class='ocrx_word' id='word_1_2' title='bbox 444 181 591 237; x_wconf 73' lang='lat' dir='ltr'><strong>Terentius</strong></span> <span class='ocrx_word' id='word_1_3' title='bbox 609 183 712 256; x_wconf 83' lang='lat' dir='ltr'><strong>Varro¹</strong></span> <span class='ocrx_word' id='word_1_4' title='bbox 984 181 1048 248; x_wconf 77' lang='grc'><strong>307</strong></span> 
     </span>
    </p>
   </div>
   <div class='ocr_carea' id='block_1_2' title="bbox 36 349 1051 608">
    <p class='ocr_par' dir='ltr' id='par_1_2' title="bbox 36 349 1051 608">
     <span class='ocr_line' id='line_1_2' title="bbox 36 349 1049 430; baseline 0.004 -23"><span class='ocrx_word' id='word_1_5' title='bbox 36 349 137 410; x_wconf 84' lang='lat' dir='ltr'><strong>finitur</strong></span> <span class='ocrx_word' id='word_1_6' title='bbox 165 353 196 411; x_wconf 87' lang='lat' dir='ltr'><strong>et</strong></span> <span class='ocrx_word' id='word_1_7' title='bbox 226 349 324 430; x_wconf 82' lang='lat' dir='ltr'><strong>magis</strong></span> <span class='ocrx_word' id='word_1_8' title='bbox 351 352 508 427; x_wconf 79' lang='lat' dir='ltr'><strong>rhythmus</strong></span> <span class='ocrx_word' id='word_1_9' title='bbox 536 354 581 412; x_wconf 91' lang='lat' dir='ltr'><strong>est</strong></span> <span class='ocrx_word' id='word_1_10' title='bbox 608 371 699 428; x_wconf 87' lang='lat' dir='ltr'><strong>quam</strong></span> <span class='ocrx_word' id='word_1_11' title='bbox 728 354 853 413; x_wconf 79' lang='lat' dir='ltr'><strong>metron.</strong></span> <span class='ocrx_word' id='word_1_12' title='bbox 900 353 930 412; x_wconf 87' lang='lat' dir='ltr'><strong>et</strong></span> <span class='ocrx_word' id='word_1_13' title='bbox 952 353 1049 412; x_wconf 86' lang='lat' dir='ltr'><strong>Varro</strong></span> 
     </span>
     <span class='ocr_line' id='line_1_3' title="bbox 38 440 1051 518; baseline 0.003 -21"><span class='ocrx_word' id='word_1_14' title='bbox 38 440 110 499; x_wconf 90' lang='lat' dir='ltr'><strong>dicit</strong></span> <span class='ocrx_word' id='word_1_15' title='bbox 138 444 216 500; x_wconf 88' lang='lat' dir='ltr'><strong>inter</strong></span> <span class='ocrx_word' id='word_1_16' title='bbox 247 441 433 517; x_wconf 81' lang='lat' dir='ltr'><strong>rhythmum,</strong></span> <span class='ocrx_word' id='word_1_17' title='bbox 470 444 525 518; x_wconf 88' lang='lat' dir='ltr'><strong>qui</strong></span> <span class='ocrx_word' id='word_1_18' title='bbox 555 443 649 501; x_wconf 87' lang='lat' dir='ltr'><strong>latine</strong></span> <span class='ocrx_word' id='word_1_19' title='bbox 681 461 822 502; x_wconf 90' lang='lat' dir='ltr'><strong>numerus</strong></span> <span class='ocrx_word' id='word_1_20' title='bbox 855 444 987 517; x_wconf 88' lang='lat' dir='ltr'><strong>vocatur,</strong></span> <span class='ocrx_word' id='word_1_21' title='bbox 1020 444 1051 501; x_wconf 92' lang='lat' dir='ltr'><strong>et</strong></span> 
     </span>
     <span class='ocr_line' id='line_1_4' title="bbox 37 531 1004 608; baseline 0.003 -21"><span class='ocrx_word' id='word_1_22' title='bbox 37 533 161 589; x_wconf 88' lang='lat' dir='ltr'><strong>metrum</strong></span> <span class='ocrx_word' id='word_1_23' title='bbox 182 531 238 590; x_wconf 90' lang='lat' dir='ltr'><strong>hoo</strong></span> <span class='ocrx_word' id='word_1_24' title='bbox 259 533 401 590; x_wconf 79' lang='lat' dir='ltr'><strong>interesse</strong></span> <span class='ocrx_word' id='word_1_25' title='bbox 425 531 504 608; x_wconf 90' lang='lat' dir='ltr'><strong>quod</strong></span> <span class='ocrx_word' id='word_1_26' title='bbox 527 532 606 606; x_wconf 84' lang='lat' dir='ltr'><strong>inter</strong></span> <span class='ocrx_word' id='word_1_27' title='bbox 628 532 787 590; x_wconf 88' lang='lat' dir='ltr'><strong>materiam</strong></span> <span class='ocrx_word' id='word_1_28' title='bbox 809 534 839 590; x_wconf 90' lang='lat' dir='ltr'><strong>et</strong></span> <span class='ocrx_word' id='word_1_29' title='bbox 861 533 1004 608; x_wconf 84' lang='lat' dir='ltr'><strong>regulam.</strong></span> 
     </span>
    </p>
   </div>
   <div class='ocr_carea' id='block_1_3' title="bbox 34 630 1049 911">
    <p class='ocr_par' dir='ltr' id='par_1_3' title="bbox 34 630 1049 911">
     <span class='ocr_line' id='line_1_5' title="bbox 108 630 1049 700; baseline 0 -16"><span class='ocrx_word' id='word_1_30' title='bbox 108 630 196 684; x_wconf 79' lang='lat' dir='ltr'><strong>Dima</strong></span> <span class='ocrx_word' id='word_1_31' title='bbox 217 648 247 700; x_wconf 73' lang='lat' dir='ltr'><strong>p.</strong></span> <span class='ocrx_word' id='word_1_32' title='bbox 266 634 329 696; x_wconf 79' lang='lat'><strong><em>512,</em></strong></span> <span class='ocrx_word' id='word_1_33' title='bbox 343 634 381 684; x_wconf 85' lang='lat'><strong>38</strong></span> <span class='ocrx_word' id='word_1_34' title='bbox 404 645 502 684; x_wconf 85' lang='lat' dir='ltr'><strong>alienum</strong></span> <span class='ocrx_word' id='word_1_35' title='bbox 521 632 616 683; x_wconf 71' lang='lat' dir='ltr'><strong>autem</strong></span> <span class='ocrx_word' id='word_1_36' title='bbox 638 645 718 693; x_wconf 87' lang='lat' dir='ltr'><strong>pedem</strong></span> <span class='ocrx_word' id='word_1_37' title='bbox 732 663 758 670; x_wconf 96' lang='lat'>-</span> <span class='ocrx_word' id='word_1_38' title='bbox 771 645 879 694; x_wconf 71' lang='lat' dir='ltr'><strong>regulam.</strong></span> <span class='ocrx_word' id='word_1_39' title='bbox 915 631 950 697; x_wconf 74' lang='lat' dir='ltr'><strong>cs.</strong></span> <span class='ocrx_word' id='word_1_40' title='bbox 973 633 1049 686; x_wconf 82' lang='lat' dir='ltr'><strong>Mor.</strong></span> 
     </span>
     <span class='ocr_line' id='line_1_6' title="bbox 44 700 1048 770; baseline 0.003 -18"><span class='ocrx_word' id='word_1_41' title='bbox 44 700 110 755; x_wconf 83' lang='lat' dir='ltr'><strong>Vici.</strong></span> <span class='ocrx_word' id='word_1_42' title='bbox 123 719 152 770; x_wconf 86' lang='lat' dir='ltr'><strong>p.</strong></span> <span class='ocrx_word' id='word_1_43' title='bbox 166 706 209 768; x_wconf 98' lang='lat'><strong>41,</strong></span> <span class='ocrx_word' id='word_1_44' title='bbox 223 705 270 757; x_wconf 81' lang='lat'><strong>28.</strong></span> <span class='ocrx_word' id='word_1_45' title='bbox 308 702 386 756; x_wconf 74' lang='lat' dir='ltr'><strong>coar.</strong></span> <span class='ocrx_word' id='word_1_46' title='bbox 408 705 573 770; x_wconf 75' lang='lat' dir='ltr'><strong>p.289,15.</strong></span> <span class='ocrx_word' id='word_1_47' title='bbox 615 702 705 756; x_wconf 86' lang='lat' dir='ltr'><strong>Diem.</strong></span> <span class='ocrx_word' id='word_1_48' title='bbox 721 719 750 770; x_wconf 83' lang='lat' dir='ltr'><strong>p.</strong></span> <span class='ocrx_word' id='word_1_49' title='bbox 766 706 828 768; x_wconf 86' lang='lat'><strong><em>474,</em></strong></span> <span class='ocrx_word' id='word_1_50' title='bbox 844 705 869 755; x_wconf 85' lang='lat'><strong>5.</strong></span> <span class='ocrx_word' id='word_1_51' title='bbox 905 703 951 756; x_wconf 80' lang='lat' dir='ltr'><strong>At.</strong></span> <span class='ocrx_word' id='word_1_52' title='bbox 971 702 1048 757; x_wconf 69' lang='lat' dir='ltr'><strong>Fosi.</strong></span> 
     </span>
     <span class='ocr_line' id='line_1_7' title="bbox 34 773 1049 844; baseline 0.002 -18"><span class='ocrx_word' id='word_1_53' title='bbox 34 776 198 839; x_wconf 80' lang='lat' dir='ltr'><strong>p.282,17.</strong></span> <span class='ocrx_word' id='word_1_54' title='bbox 235 774 354 842; x_wconf 71' lang='lat' dir='ltr'><strong>Adparet.</strong></span> <span class='ocrx_word' id='word_1_55' title='bbox 377 773 410 828; x_wconf 78' lang='lat' dir='ltr'><strong>dc</strong></span> <span class='ocrx_word' id='word_1_56' title='bbox 432 791 500 828; x_wconf 79' lang='lat' dir='ltr'><strong>mas.</strong></span> <span class='ocrx_word' id='word_1_57' title='bbox 520 777 586 840; x_wconf 90' lang='lat'><strong><em>5,1,</em></strong></span> <span class='ocrx_word' id='word_1_58' title='bbox 602 780 626 827; x_wconf 91' lang='lat'><strong>1.</strong></span> <span class='ocrx_word' id='word_1_59' title='bbox 665 773 758 843; x_wconf 74' lang='lat' dir='ltr'><strong>Qsciai</strong></span> <span class='ocrx_word' id='word_1_60' title='bbox 778 778 805 840; x_wconf 89' lang='lat'><strong>9,</strong></span> <span class='ocrx_word' id='word_1_61' title='bbox 823 778 850 840; x_wconf 90' lang='lat'><strong>4,</strong></span> <span class='ocrx_word' id='word_1_62' title='bbox 869 777 912 827; x_wconf 87' lang='lat'><strong>50.</strong></span> <span class='ocrx_word' id='word_1_63' title='bbox 949 774 1049 844; x_wconf 74' lang='lat' dir='ltr'><strong>frcym.</strong></span> 
     </span>
     <span class='ocr_line' id='line_1_8' title="bbox 38 844 422 911; baseline 0.005 -16"><span class='ocrx_word' id='word_1_64' title='bbox 38 844 127 897; x_wconf 83' lang='lat' dir='ltr'><strong>Poris.</strong></span> <span class='ocrx_word' id='word_1_65' title='bbox 144 845 234 899; x_wconf 84' lang='lat' dir='ltr'><strong>OGK</strong></span> <span class='ocrx_word' id='word_1_66' title='bbox 251 845 366 911; x_wconf 85' lang='lat' dir='ltr'><strong><em>V1631‚</em></strong></span> <span class='ocrx_word' id='word_1_67' title='bbox 380 849 422 898; x_wconf 89' lang='lat'><strong>14.</strong></span> 
     </span>
    </p>
   </div>
   <div class='ocr_carea' id='block_1_4' title="bbox 109 951 831 1020">
    <p class='ocr_par' dir='ltr' id='par_1_4' title="bbox 109 951 831 1020">
     <span class='ocr_line' id='line_1_9' title="bbox 109 951 831 1020; baseline 0.006 -17"><span class='ocrx_word' id='word_1_68' title='bbox 109 957 122 1003; x_wconf 93' lang='lat' dir='ltr'><strong>l</strong></span> <span class='ocrx_word' id='word_1_69' title='bbox 141 951 312 1020; x_wconf 78' lang='lat' dir='ltr'><strong>recipientur</strong></span> <span class='ocrx_word' id='word_1_70' title='bbox 332 953 444 1006; x_wconf 79' lang='lat' dir='ltr'><strong>Monac.</strong></span> <span class='ocrx_word' id='word_1_71' title='bbox 534 951 631 1005; x_wconf 87' lang='lat' dir='ltr'><strong>modos</strong></span> <span class='ocrx_word' id='word_1_72' title='bbox 650 953 742 1007; x_wconf 71' lang='lat' dir='ltr'><strong>Poris.</strong></span> <span class='ocrx_word' id='word_1_73' title='bbox 759 956 831 1007; x_wconf 80' lang='lat'><strong><em>7493</em></strong></span> 
     </span>
    </p>
   </div>
   <div class='ocr_carea' id='block_1_5' title="bbox 443 1097 633 1182">
    <p class='ocr_par' dir='ltr' id='par_1_5' title="bbox 443 1097 633 1182">
     <span class='ocr_line' id='line_1_10' title="bbox 443 1097 633 1182; baseline 0 -20"><span class='ocrx_word' id='word_1_74' title='bbox 443 1104 537 1163; x_wconf 80' lang='lat'><em>*287</em></span> <span class='ocrx_word' id='word_1_75' title='bbox 562 1097 633 1182; x_wconf 76' lang='lat' dir='ltr'><strong>[aa]</strong></span> 
     </span>
    </p>
   </div>
   <div class='ocr_carea' id='block_1_6' title="bbox 41 1227 1091 2626">
    <p class='ocr_par' dir='ltr' id='par_1_6' title="bbox 41 1227 1091 2626">
     <span class='ocr_line' id='line_1_11' title="bbox 103 1227 1050 1304; baseline 0.002 -19"><span class='ocrx_word' id='word_1_76' title='bbox 103 1227 315 1286; x_wconf 86' lang='lat' dir='ltr'><strong>consideranda</strong></span> <span class='ocrx_word' id='word_1_77' title='bbox 336 1229 367 1285; x_wconf 92' lang='lat' dir='ltr'><strong>in</strong></span> <span class='ocrx_word' id='word_1_78' title='bbox 387 1229 490 1287; x_wconf 89' lang='lat' dir='ltr'><strong>metris</strong></span> <span class='ocrx_word' id='word_1_79' title='bbox 510 1229 583 1303; x_wconf 88' lang='lat' dir='ltr'><strong>cola,</strong></span> <span class='ocrx_word' id='word_1_80' title='bbox 605 1248 682 1304; x_wconf 86' lang='lat' dir='ltr'><strong>quae</strong></span> <span class='ocrx_word' id='word_1_81' title='bbox 701 1229 795 1288; x_wconf 86' lang='lat' dir='ltr'><strong>latine</strong></span> <span class='ocrx_word' id='word_1_82' title='bbox 813 1228 954 1303; x_wconf 86' lang='lat' dir='ltr'><strong>membra,</strong></span> <span class='ocrx_word' id='word_1_83' title='bbox 977 1228 1050 1287; x_wconf 86' lang='lat' dir='ltr'><strong>item</strong></span> 
     </span>
     <span class='ocr_line' id='line_1_12' title="bbox 41 1317 1050 1394; baseline 0.004 -22"><span class='ocrx_word' id='word_1_84' title='bbox 41 1332 159 1392; x_wconf 86' lang='lat' dir='ltr'><strong>comma,</strong></span> <span class='ocrx_word' id='word_1_85' title='bbox 182 1317 262 1394; x_wconf 93' lang='lat' dir='ltr'><strong>quod</strong></span> <span class='ocrx_word' id='word_1_86' title='bbox 284 1335 402 1376; x_wconf 90' lang='lat' dir='ltr'><strong>caesum</strong></span> <span class='ocrx_word' id='word_1_87' title='bbox 426 1337 444 1376; x_wconf 85' lang='lat' dir='ltr'><strong>a</strong></span> <span class='ocrx_word' id='word_1_88' title='bbox 467 1317 552 1377; x_wconf 91' lang='lat' dir='ltr'><strong>nobis</strong></span> <span class='ocrx_word' id='word_1_89' title='bbox 575 1321 695 1394; x_wconf 89' lang='lat' dir='ltr'><strong>proprie</strong></span> <span class='ocrx_word' id='word_1_90' title='bbox 719 1317 828 1377; x_wconf 86' lang='lat' dir='ltr'><strong>dicitur</strong></span> <span class='ocrx_word' id='word_1_91' title='bbox 849 1349 899 1376; x_wconf 84' lang='lat'><strong>—.</strong></span> <span class='ocrx_word' id='word_1_92' title='bbox 924 1337 1050 1394; x_wconf 88' lang='lat' dir='ltr'><strong>quorum</strong></span> 
     </span>
     <span class='ocr_line' id='line_1_13' title="bbox 41 1403 1051 1483; baseline 0.005 -22"><span class='ocrx_word' id='word_1_93' title='bbox 41 1403 202 1465; x_wconf 88' lang='lat' dir='ltr'><strong>differentia</strong></span> <span class='ocrx_word' id='word_1_94' title='bbox 215 1407 286 1465; x_wconf 87' lang='lat' dir='ltr'><strong>talis</strong></span> <span class='ocrx_word' id='word_1_95' title='bbox 306 1410 363 1465; x_wconf 86' lang='lat' dir='ltr'><strong>est:</strong></span> <span class='ocrx_word' id='word_1_96' title='bbox 386 1407 472 1466; x_wconf 93' lang='lat' dir='ltr'><strong>colon</strong></span> <span class='ocrx_word' id='word_1_97' title='bbox 487 1410 532 1466; x_wconf 87' lang='lat' dir='ltr'><strong>est</strong></span> <span class='ocrx_word' id='word_1_98' title='bbox 550 1407 714 1466; x_wconf 85' lang='lat' dir='ltr'><strong>membrum</strong></span> <span class='ocrx_word' id='word_1_99' title='bbox 728 1407 808 1483; x_wconf 91' lang='lat' dir='ltr'><strong>quod</strong></span> <span class='ocrx_word' id='word_1_100' title='bbox 826 1407 918 1466; x_wconf 87' lang='lat' dir='ltr'><strong>finitis</strong></span> <span class='ocrx_word' id='word_1_101' title='bbox 933 1410 1051 1466; x_wconf 87' lang='lat' dir='ltr'><strong>constat</strong></span> 
     </span>
     <span class='ocr_line' id='line_1_14' title="bbox 42 1495 1051 1574; baseline 0.004 -22"><span class='ocrx_word' id='word_1_102' title='bbox 42 1495 168 1571; x_wconf 90' lang='lat' dir='ltr'><strong>pedibus,</strong></span> <span class='ocrx_word' id='word_1_103' title='bbox 191 1514 307 1554; x_wconf 86' lang='lat' dir='ltr'><strong>comma</strong></span> <span class='ocrx_word' id='word_1_104' title='bbox 328 1500 428 1554; x_wconf 87' lang='lat' dir='ltr'><strong>autem</strong></span> <span class='ocrx_word' id='word_1_105' title='bbox 450 1498 481 1554; x_wconf 89' lang='lat' dir='ltr'><strong>in</strong></span> <span class='ocrx_word' id='word_1_106' title='bbox 502 1515 560 1572; x_wconf 91' lang='lat' dir='ltr'><strong>quo</strong></span> <span class='ocrx_word' id='word_1_107' title='bbox 579 1497 627 1556; x_wconf 88' lang='lat' dir='ltr'><strong>vel</strong></span> <span class='ocrx_word' id='word_1_108' title='bbox 649 1515 719 1573; x_wconf 88' lang='lat' dir='ltr'><strong>pars</strong></span> <span class='ocrx_word' id='word_1_109' title='bbox 743 1497 826 1572; x_wconf 91' lang='lat' dir='ltr'><strong>pedis</strong></span> <span class='ocrx_word' id='word_1_110' title='bbox 846 1500 898 1555; x_wconf 87' lang='lat' dir='ltr'><strong>cst.</strong></span> <span class='ocrx_word' id='word_1_111' title='bbox 919 1515 1051 1574; x_wconf 86' lang='lat' dir='ltr'><strong>—ergo</strong></span> 
     </span>
     <span class='ocr_line' id='line_1_15' title="bbox 43 1579 1090 1664; baseline 0.008 -25"><span class='ocrx_word' id='word_1_112' title='bbox 43 1602 146 1660; x_wconf 81' lang='lat' dir='ltr'><strong>versus,</strong></span> <span class='ocrx_word' id='word_1_113' title='bbox 169 1604 236 1645; x_wconf 91' lang='lat' dir='ltr'><strong>cum</strong></span> <span class='ocrx_word' id='word_1_114' title='bbox 260 1579 323 1664; x_wconf 84' lang='lat' dir='ltr'><strong>[cx]</strong></span> <span class='ocrx_word' id='word_1_115' title='bbox 347 1605 383 1644; x_wconf 86' lang='lat' dir='ltr'><strong>ea</strong></span> <span class='ocrx_word' id='word_1_116' title='bbox 401 1605 462 1661; x_wconf 92' lang='lat' dir='ltr'><strong>qua</strong></span> <span class='ocrx_word' id='word_1_117' title='bbox 484 1586 657 1645; x_wconf 86' lang='lat' dir='ltr'><strong>coniunctus</strong></span> <span class='ocrx_word' id='word_1_118' title='bbox 677 1589 742 1644; x_wconf 88' lang='lat' dir='ltr'><strong>erat</strong></span> <span class='ocrx_word' id='word_1_119' title='bbox 764 1590 849 1662; x_wconf 87' lang='lat' dir='ltr'><strong>parte</strong></span> <span class='ocrx_word' id='word_1_120' title='bbox 868 1585 1051 1661; x_wconf 87' lang='lat' dir='ltr'><strong>dissolvitur,</strong></span> <span class='ocrx_word' id='word_1_121' title='bbox 1079 1607 1090 1647; x_wconf 83' lang='lat' dir='ltr'><strong>e</strong></span> 
     </span>
     <span class='ocr_line' id='line_1_16' title="bbox 43 1673 1050 1751; baseline 0.005 -22"><span class='ocrx_word' id='word_1_122' title='bbox 43 1673 105 1732; x_wconf 88' lang='lat' dir='ltr'><strong>cola</strong></span> <span class='ocrx_word' id='word_1_123' title='bbox 129 1673 231 1749; x_wconf 87' lang='lat' dir='ltr'><strong>efficit3</strong></span> <span class='ocrx_word' id='word_1_124' title='bbox 259 1692 326 1733; x_wconf 90' lang='lat' dir='ltr'><strong>cum</strong></span> <span class='ocrx_word' id='word_1_125' title='bbox 349 1693 418 1734; x_wconf 85' lang='lat' dir='ltr'><strong>vero</strong></span> <span class='ocrx_word' id='word_1_126' title='bbox 443 1694 478 1734; x_wconf 87' lang='lat' dir='ltr'><strong>ca</strong></span> <span class='ocrx_word' id='word_1_127' title='bbox 501 1695 561 1751; x_wconf 89' lang='lat' dir='ltr'><strong>qua</strong></span> <span class='ocrx_word' id='word_1_128' title='bbox 584 1676 757 1734; x_wconf 88' lang='lat' dir='ltr'><strong>coniunctus</strong></span> <span class='ocrx_word' id='word_1_129' title='bbox 781 1678 846 1734; x_wconf 86' lang='lat' dir='ltr'><strong>erat</strong></span> <span class='ocrx_word' id='word_1_130' title='bbox 872 1678 957 1750; x_wconf 84' lang='lat' dir='ltr'><strong>parte</strong></span> <span class='ocrx_word' id='word_1_131' title='bbox 986 1676 1050 1734; x_wconf 85' lang='lat' dir='ltr'><strong>abs-</strong></span> 
     </span>
     <span class='ocr_line' id='line_1_17' title="bbox 44 1761 1051 1840; baseline 0.004 -21"><span class='ocrx_word' id='word_1_132' title='bbox 44 1761 152 1838; x_wconf 89' lang='lat' dir='ltr'><strong>ciditur,</strong></span> <span class='ocrx_word' id='word_1_133' title='bbox 179 1763 330 1840; x_wconf 86' lang='lat' dir='ltr'><strong>particula</strong></span> <span class='ocrx_word' id='word_1_134' title='bbox 353 1783 430 1839; x_wconf 85' lang='lat' dir='ltr'><strong>quae</strong></span> <span class='ocrx_word' id='word_1_135' title='bbox 452 1764 569 1823; x_wconf 86' lang='lat' dir='ltr'><strong>divulsa</strong></span> <span class='ocrx_word' id='word_1_136' title='bbox 592 1784 626 1823; x_wconf 88' lang='lat' dir='ltr'><strong>ex</strong></span> <span class='ocrx_word' id='word_1_137' title='bbox 650 1784 684 1824; x_wconf 91' lang='lat' dir='ltr'><strong>eo</strong></span> <span class='ocrx_word' id='word_1_138' title='bbox 708 1767 761 1838; x_wconf 88' lang='lat' dir='ltr'><strong>est,</strong></span> <span class='ocrx_word' id='word_1_139' title='bbox 789 1782 904 1823; x_wconf 88' lang='lat' dir='ltr'><strong>comma</strong></span> <span class='ocrx_word' id='word_1_140' title='bbox 927 1764 1051 1839; x_wconf 86' lang='lat' dir='ltr'><strong>dicetur,</strong></span> 
     </span>
     <span class='ocr_line' id='line_1_18' title="bbox 44 1853 1051 1931; baseline 0.006 -25"><span class='ocrx_word' id='word_1_141' title='bbox 44 1854 124 1910; x_wconf 91' lang='lat' dir='ltr'><strong>utin</strong></span> <span class='ocrx_word' id='word_1_142' title='bbox 146 1853 207 1912; x_wconf 93' lang='lat' dir='ltr'><strong>illis</strong></span> <span class='ocrx_word' id='word_1_143' title='bbox 235 1871 336 1912; x_wconf 88' lang='lat' dir='ltr'><strong>versus</strong></span> <span class='ocrx_word' id='word_1_144' title='bbox 364 1854 505 1931; x_wconf 83' lang='lat' dir='ltr'><strong>solvatur,</strong></span> <span class='ocrx_word' id='word_1_145' title='bbox 534 1856 565 1911; x_wconf 91' lang='lat' dir='ltr'><strong>in</strong></span> <span class='ocrx_word' id='word_1_146' title='bbox 592 1853 638 1914; x_wconf 90' lang='lat' dir='ltr'><strong>his</strong></span> <span class='ocrx_word' id='word_1_147' title='bbox 663 1854 811 1912; x_wconf 87' lang='lat' dir='ltr'><strong>caedatur.</strong></span> <span class='ocrx_word' id='word_1_148' title='bbox 857 1873 928 1912; x_wconf 86' lang='lat' dir='ltr'><strong>nam</strong></span> <span class='ocrx_word' id='word_1_149' title='bbox 955 1854 1051 1929; x_wconf 88' lang='lat' dir='ltr'><strong>perio-</strong></span> 
     </span>
     <span class='ocr_line' id='line_1_19' title="bbox 44 1938 1051 2018; baseline 0.007 -23"><span class='ocrx_word' id='word_1_150' title='bbox 44 1939 107 2016; x_wconf 86' lang='lat' dir='ltr'><strong>dus,</strong></span> <span class='ocrx_word' id='word_1_151' title='bbox 140 1961 217 2017; x_wconf 90' lang='lat' dir='ltr'><strong>quae</strong></span> <span class='ocrx_word' id='word_1_152' title='bbox 249 1941 359 2002; x_wconf 84' lang='lat' dir='ltr'><strong>Latino</strong></span> <span class='ocrx_word' id='word_1_153' title='bbox 389 1944 636 2018; x_wconf 80' lang='lat' dir='ltr'><strong>interpretatione</strong></span> <span class='ocrx_word' id='word_1_154' title='bbox 668 1945 808 2002; x_wconf 82' lang='lat' dir='ltr'><strong>circuitus</strong></span> <span class='ocrx_word' id='word_1_155' title='bbox 841 1943 889 2001; x_wconf 91' lang='lat' dir='ltr'><strong>vel</strong></span> <span class='ocrx_word' id='word_1_156' title='bbox 921 1938 1051 2002; x_wconf 86' lang='lat' dir='ltr'><strong>ambitus</strong></span> 
     </span>
     <span class='ocr_line' id='line_1_20' title="bbox 45 2025 1091 2110; baseline 0.007 -23"><span class='ocrx_word' id='word_1_157' title='bbox 45 2034 168 2105; x_wconf 81' lang='lat' dir='ltr'><strong>vocatur,</strong></span> <span class='ocrx_word' id='word_1_158' title='bbox 201 2025 260 2110; x_wconf 87' lang='lat' dir='ltr'><strong>[id]</strong></span> <span class='ocrx_word' id='word_1_159' title='bbox 291 2034 336 2090; x_wconf 91' lang='lat' dir='ltr'><strong>est</strong></span> <span class='ocrx_word' id='word_1_160' title='bbox 366 2034 542 2108; x_wconf 85' lang='lat' dir='ltr'><strong>compositio</strong></span> <span class='ocrx_word' id='word_1_161' title='bbox 571 2033 681 2108; x_wconf 90' lang='lat' dir='ltr'><strong>pedum</strong></span> <span class='ocrx_word' id='word_1_162' title='bbox 710 2035 802 2092; x_wconf 84' lang='lat' dir='ltr'><strong>trium</strong></span> <span class='ocrx_word' id='word_1_163' title='bbox 832 2033 879 2091; x_wconf 91' lang='lat' dir='ltr'><strong>vel</strong></span> <span class='ocrx_word' id='word_1_164' title='bbox 910 2036 1052 2107; x_wconf 79' lang='lat' dir='ltr'><strong>quattuor</strong></span> <span class='ocrx_word' id='word_1_165' title='bbox 1066 2055 1091 2094; x_wconf 82' lang='lat' dir='ltr'><strong>ro</strong></span> 
     </span>
     <span class='ocr_line' id='line_1_21' title="bbox 45 2118 1050 2198; baseline 0.007 -23"><span class='ocrx_word' id='word_1_166' title='bbox 45 2118 88 2176; x_wconf 85' lang='lat' dir='ltr'><strong>vel</strong></span> <span class='ocrx_word' id='word_1_167' title='bbox 105 2120 299 2196; x_wconf 87' lang='lat' dir='ltr'><strong>complurium</strong></span> <span class='ocrx_word' id='word_1_168' title='bbox 322 2122 466 2180; x_wconf 88' lang='lat' dir='ltr'><strong>similium</strong></span> <span class='ocrx_word' id='word_1_169' title='bbox 489 2124 578 2196; x_wconf 86' lang='lat' dir='ltr'><strong>atque</strong></span> <span class='ocrx_word' id='word_1_170' title='bbox 605 2121 786 2180; x_wconf 85' lang='lat' dir='ltr'><strong>absimilium</strong></span> <span class='ocrx_word' id='word_1_171' title='bbox 810 2121 845 2180; x_wconf 86' lang='lat' dir='ltr'><strong>ad</strong></span> <span class='ocrx_word' id='word_1_172' title='bbox 870 2121 902 2180; x_wconf 91' lang='lat' dir='ltr'><strong>id</strong></span> <span class='ocrx_word' id='word_1_173' title='bbox 924 2121 1050 2198; x_wconf 87' lang='lat' dir='ltr'><strong>rediens,</strong></span> 
     </span>
     <span class='ocr_line' id='line_1_22' title="bbox 45 2208 1050 2286; baseline 0.003 -21"><span class='ocrx_word' id='word_1_174' title='bbox 45 2208 114 2266; x_wconf 91' lang='lat' dir='ltr'><strong>uude</strong></span> <span class='ocrx_word' id='word_1_175' title='bbox 138 2209 290 2268; x_wconf 86' lang='lat' dir='ltr'><strong>exordium</strong></span> <span class='ocrx_word' id='word_1_176' title='bbox 313 2209 448 2286; x_wconf 89' lang='lat' dir='ltr'><strong>sumpsit,</strong></span> <span class='ocrx_word' id='word_1_177' title='bbox 471 2211 549 2269; x_wconf 87' lang='lat' dir='ltr'><strong>sicut</strong></span> <span class='ocrx_word' id='word_1_178' title='bbox 571 2212 714 2286; x_wconf 85' lang='lat' dir='ltr'><strong>temporis</strong></span> <span class='ocrx_word' id='word_1_179' title='bbox 737 2211 864 2270; x_wconf 89' lang='lat' dir='ltr'><strong>lustrum</strong></span> <span class='ocrx_word' id='word_1_180' title='bbox 883 2212 929 2269; x_wconf 85' lang='lat' dir='ltr'><strong>vel</strong></span> <span class='ocrx_word' id='word_1_181' title='bbox 953 2229 1050 2270; x_wconf 86' lang='lat' dir='ltr'><strong>sacro-</strong></span> 
     </span>
     <span class='ocr_line' id='line_1_23' title="bbox 44 2294 1051 2378; baseline 0.004 -24"><span class='ocrx_word' id='word_1_182' title='bbox 44 2315 103 2354; x_wconf 85' lang='lat' dir='ltr'><strong>rum</strong></span> <span class='ocrx_word' id='word_1_183' title='bbox 131 2299 275 2373; x_wconf 68' lang='lat' dir='ltr'><strong>trieteris,</strong></span> <span class='ocrx_word' id='word_1_184' title='bbox 307 2294 431 2377; x_wconf 85' lang='lat' dir='ltr'><strong>vel&lt;ut&gt;</strong></span> <span class='ocrx_word' id='word_1_185' title='bbox 458 2301 491 2357; x_wconf 92' lang='lat' dir='ltr'><strong>in</strong></span> <span class='ocrx_word' id='word_1_186' title='bbox 521 2301 681 2376; x_wconf 87' lang='lat' dir='ltr'><strong>poematis,</strong></span> <span class='ocrx_word' id='word_1_187' title='bbox 716 2299 834 2376; x_wconf 87' lang='lat' dir='ltr'><strong>quando</strong></span> <span class='ocrx_word' id='word_1_188' title='bbox 862 2318 922 2358; x_wconf 91' lang='lat' dir='ltr'><strong>non</strong></span> <span class='ocrx_word' id='word_1_189' title='bbox 949 2296 1051 2378; x_wconf 76' lang='lat' dir='ltr'><strong>(uno)</strong></span> 
     </span>
     <span class='ocr_line' id='line_1_24' title="bbox 45 2389 1050 2466; baseline 0.004 -24"><span class='ocrx_word' id='word_1_190' title='bbox 45 2403 137 2446; x_wconf 87' lang='lat' dir='ltr'><strong>versus</strong></span> <span class='ocrx_word' id='word_1_191' title='bbox 160 2406 261 2448; x_wconf 89' lang='lat' dir='ltr'><strong>omnes</strong></span> <span class='ocrx_word' id='word_1_192' title='bbox 284 2389 372 2448; x_wconf 88' lang='lat' dir='ltr'><strong>metri</strong></span> <span class='ocrx_word' id='word_1_193' title='bbox 395 2407 501 2466; x_wconf 85' lang='lat' dir='ltr'><strong>genere</strong></span> <span class='ocrx_word' id='word_1_194' title='bbox 529 2393 710 2466; x_wconf 82' lang='lat' dir='ltr'><strong>panguntur,</strong></span> <span class='ocrx_word' id='word_1_195' title='bbox 740 2390 791 2448; x_wconf 90' lang='lat' dir='ltr'><strong>sed</strong></span> <span class='ocrx_word' id='word_1_196' title='bbox 815 2409 849 2447; x_wconf 85' lang='lat' dir='ltr'><strong>er</strong></span> <span class='ocrx_word' id='word_1_197' title='bbox 873 2391 964 2448; x_wconf 87' lang='lat' dir='ltr'><strong>variis</strong></span> <span class='ocrx_word' id='word_1_198' title='bbox 987 2409 1050 2448; x_wconf 87' lang='lat' dir='ltr'><strong>ver·</strong></span> 
     </span>
     <span class='ocr_line' id='line_1_25' title="bbox 44 2474 1091 2555; baseline 0.009 -24"><span class='ocrx_word' id='word_1_199' title='bbox 44 2474 116 2534; x_wconf 86' lang='lat' dir='ltr'><strong>sibus</strong></span> <span class='ocrx_word' id='word_1_200' title='bbox 143 2495 262 2536; x_wconf 76' lang='lat' dir='ltr'><strong>carmen</strong></span> <span class='ocrx_word' id='word_1_201' title='bbox 292 2496 378 2536; x_wconf 91' lang='lat' dir='ltr'><strong>omne</strong></span> <span class='ocrx_word' id='word_1_202' title='bbox 408 2481 604 2555; x_wconf 88' lang='lat' dir='ltr'><strong>compositum</strong></span> <span class='ocrx_word' id='word_1_203' title='bbox 634 2499 688 2554; x_wconf 89' lang='lat' dir='ltr'><strong>per</strong></span> <span class='ocrx_word' id='word_1_204' title='bbox 716 2481 873 2537; x_wconf 88' lang='lat' dir='ltr'><strong>circuitum</strong></span> <span class='ocrx_word' id='word_1_205' title='bbox 904 2477 1052 2555; x_wconf 83' lang='lat' dir='ltr'><strong>quendam</strong></span> <span class='ocrx_word' id='word_1_206' title='bbox 1066 2500 1091 2540; x_wconf 80' lang='lat'><strong>15</strong></span> 
     </span>
     <span class='ocr_line' id='line_1_26' title="bbox 45 2565 498 2626; baseline 0.007 -4"><span class='ocrx_word' id='word_1_207' title='bbox 45 2565 76 2622; x_wconf 88' lang='lat' dir='ltr'><strong>ad</strong></span> <span class='ocrx_word' id='word_1_208' title='bbox 98 2565 230 2625; x_wconf 89' lang='lat' dir='ltr'><strong>ordinem</strong></span> <span class='ocrx_word' id='word_1_209' title='bbox 253 2585 337 2625; x_wconf 90' lang='lat' dir='ltr'><strong>suum</strong></span> <span class='ocrx_word' id='word_1_210' title='bbox 363 2567 498 2626; x_wconf 91' lang='lat' dir='ltr'><strong>decurrit.</strong></span> 
     </span>
    </p>
   </div>
   <div class='ocr_carea' id='block_1_7' title="bbox 44 2664 1054 3662">
    <p class='ocr_par' dir='ltr' id='par_1_7' title="bbox 44 2664 1053 3380">
     <span class='ocr_line' id='line_1_27' title="bbox 108 2664 1052 2735; baseline 0.002 -15"><span class='ocrx_word' id='word_1_211' title='bbox 108 2668 183 2720; x_wconf 77' lang='lat' dir='ltr'><strong>Mar.</strong></span> <span class='ocrx_word' id='word_1_212' title='bbox 210 2666 276 2720; x_wconf 65' lang='lat' dir='ltr'><strong>Vici.</strong></span> <span class='ocrx_word' id='word_1_213' title='bbox 294 2683 322 2734; x_wconf 74' lang='lat'><strong>1).</strong></span> <span class='ocrx_word' id='word_1_214' title='bbox 338 2671 382 2732; x_wconf 85' lang='lat'><strong>53,</strong></span> <span class='ocrx_word' id='word_1_215' title='bbox 395 2671 434 2722; x_wconf 76' lang='lat'><strong>27</strong></span> <span class='ocrx_word' id='word_1_216' title='bbox 452 2681 614 2721; x_wconf 80' lang='lat' dir='ltr'><strong>consideranda</strong></span> <span class='ocrx_word' id='word_1_217' title='bbox 632 2664 778 2735; x_wconf 59' lang='lat' dir='ltr'><strong>placidina</strong></span> <span class='ocrx_word' id='word_1_218' title='bbox 794 2682 820 2722; x_wconf 87' lang='lat' dir='ltr'><strong>in</strong></span> <span class='ocrx_word' id='word_1_219' title='bbox 833 2681 910 2726; x_wconf 67' lang='lat' dir='ltr'><strong>metm</strong></span> <span class='ocrx_word' id='word_1_220' title='bbox 923 2697 950 2705; x_wconf 89' lang='grc'>-</span> <span class='ocrx_word' id='word_1_221' title='bbox 963 2681 1052 2732; x_wconf 82' lang='lat' dir='ltr'><strong>dicitur,</strong></span> 
     </span>
     <span class='ocr_line' id='line_1_28' title="bbox 44 2733 1051 2807; baseline 0.008 -23"><span class='ocrx_word' id='word_1_222' title='bbox 44 2733 69 2785; x_wconf 89' lang='lat' dir='ltr'><strong>id</strong></span> <span class='ocrx_word' id='word_1_223' title='bbox 90 2737 131 2790; x_wconf 87' lang='lat' dir='ltr'><strong>est</strong></span> <span class='ocrx_word' id='word_1_224' title='bbox 154 2737 280 2791; x_wconf 82' lang='lat' dir='ltr'><strong>extrema</strong></span> <span class='ocrx_word' id='word_1_225' title='bbox 298 2739 327 2790; x_wconf 90' lang='lat' dir='ltr'><strong>et</strong></span> <span class='ocrx_word' id='word_1_226' title='bbox 346 2738 448 2806; x_wconf 78' lang='lat' dir='ltr'><strong>exigua</strong></span> <span class='ocrx_word' id='word_1_227' title='bbox 465 2753 531 2807; x_wconf 84' lang='lat' dir='ltr'><strong>pars</strong></span> <span class='ocrx_word' id='word_1_228' title='bbox 549 2738 579 2790; x_wconf 90' lang='lat' dir='ltr'><strong>in</strong></span> <span class='ocrx_word' id='word_1_229' title='bbox 598 2737 695 2791; x_wconf 87' lang='lat' dir='ltr'><strong>metris</strong></span> <span class='ocrx_word' id='word_1_230' title='bbox 715 2769 756 2790; x_wconf 95' lang='lat'><strong>-.</strong></span> <span class='ocrx_word' id='word_1_231' title='bbox 777 2763 872 2801; x_wconf 79' lang='lat' dir='ltr'><strong>quorum</strong></span> <span class='ocrx_word' id='word_1_232' title='bbox 887 2751 1012 2793; x_wconf 67' lang='lat' dir='ltr'><strong>disemos</strong></span> <span class='ocrx_word' id='word_1_233' title='bbox 1025 2770 1051 2778; x_wconf 89' lang='lat'>—</span> 
     </span>
     <span class='ocr_line' id='line_1_29' title="bbox 44 2808 1052 2877; baseline -0.004 -11"><span class='ocrx_word' id='word_1_234' title='bbox 44 2821 98 2866; x_wconf 73' lang='lat' dir='ltr'><strong>rodis</strong></span> <span class='ocrx_word' id='word_1_235' title='bbox 111 2826 149 2862; x_wconf 75' lang='lat' dir='ltr'><strong>sss.</strong></span> <span class='ocrx_word' id='word_1_236' title='bbox 178 2810 260 2862; x_wconf 87' lang='lat' dir='ltr'><strong>erunt</strong></span> <span class='ocrx_word' id='word_1_237' title='bbox 278 2809 374 2876; x_wconf 76' lang='lat' dir='ltr'><strong>itaque</strong></span> <span class='ocrx_word' id='word_1_238' title='bbox 393 2809 455 2862; x_wconf 84' lang='lat' dir='ltr'><strong>cole</strong></span> <span class='ocrx_word' id='word_1_239' title='bbox 473 2808 630 2877; x_wconf 81' lang='lat' dir='ltr'><strong>particulae</strong></span> <span class='ocrx_word' id='word_1_240' title='bbox 654 2808 809 2863; x_wconf 88' lang='lat' dir='ltr'><strong>solutorum</strong></span> <span class='ocrx_word' id='word_1_241' title='bbox 831 2811 995 2876; x_wconf 85' lang='lat' dir='ltr'><strong>metrorum,</strong></span> <span class='ocrx_word' id='word_1_242' title='bbox 1020 2811 1052 2862; x_wconf 88' lang='lat' dir='ltr'><strong>ut</strong></span> 
     </span>
     <span class='ocr_line' id='line_1_30' title="bbox 45 2879 1051 2952; baseline 0.006 -22"><span class='ocrx_word' id='word_1_243' title='bbox 45 2897 80 2930; x_wconf 74' lang='lat' dir='ltr'><strong>*s</strong></span> <span class='ocrx_word' id='word_1_244' title='bbox 95 2879 175 2950; x_wconf 81' lang='lat' dir='ltr'><strong>[Aca.</strong></span> <span class='ocrx_word' id='word_1_245' title='bbox 191 2885 216 2947; x_wconf 89' lang='lat'><strong>1,</strong></span> <span class='ocrx_word' id='word_1_246' title='bbox 232 2880 260 2952; x_wconf 93' lang='lat'><strong>1]</strong></span> <span class='ocrx_word' id='word_1_247' title='bbox 281 2881 370 2934; x_wconf 83' lang='lat' dir='ltr'><strong>‘arma</strong></span> <span class='ocrx_word' id='word_1_248' title='bbox 389 2880 534 2949; x_wconf 86' lang='lat' dir='ltr'><strong>virumque</strong></span> <span class='ocrx_word' id='word_1_249' title='bbox 554 2881 634 2934; x_wconf 84' lang='lat' dir='ltr'><strong>cano’</strong></span> <span class='ocrx_word' id='word_1_250' title='bbox 656 2881 701 2952; x_wconf 81' lang='lat' dir='ltr'><strong>[cf.</strong></span> <span class='ocrx_word' id='word_1_251' title='bbox 718 2882 764 2935; x_wconf 81' lang='lat' dir='ltr'><strong>At.</strong></span> <span class='ocrx_word' id='word_1_252' title='bbox 779 2882 858 2936; x_wconf 72' lang='lat' dir='ltr'><strong>Fosi.</strong></span> <span class='ocrx_word' id='word_1_253' title='bbox 873 2898 899 2948; x_wconf 81' lang='lat' dir='ltr'><strong>p.</strong></span> <span class='ocrx_word' id='word_1_254' title='bbox 915 2885 980 2948; x_wconf 79' lang='lat'><strong><em>282,</em></strong></span> <span class='ocrx_word' id='word_1_255' title='bbox 993 2881 1051 2952; x_wconf 74' lang='grc'><strong><em>29].</em></strong></span> 
     </span>
     <span class='ocr_line' id='line_1_31' title="bbox 45 2949 1052 3020; baseline 0 -14"><span class='ocrx_word' id='word_1_256' title='bbox 45 2979 72 2988; x_wconf 84' lang='grc'><strong>-</strong></span> <span class='ocrx_word' id='word_1_257' title='bbox 86 2976 136 3016; x_wconf 75' lang='lat' dir='ltr'><strong>ergo</strong></span> <span class='ocrx_word' id='word_1_258' title='bbox 150 2976 228 3006; x_wconf 74' lang='lat' dir='ltr'><strong>venus</strong></span> <span class='ocrx_word' id='word_1_259' title='bbox 241 2983 268 2991; x_wconf 88' lang='lat'>—</span> <span class='ocrx_word' id='word_1_260' title='bbox 282 2966 384 3006; x_wconf 70' lang='lat' dir='ltr'><strong>monuit.</strong></span> <span class='ocrx_word' id='word_1_261' title='bbox 413 2949 545 3020; x_wconf 78' lang='grc' dir='ltr'><strong><em>περίοδος</em></strong></span> <span class='ocrx_word' id='word_1_262' title='bbox 563 2951 668 3006; x_wconf 91' lang='lat' dir='ltr'><strong>dicitur</strong></span> <span class='ocrx_word' id='word_1_263' title='bbox 686 2969 767 3006; x_wconf 92' lang='lat' dir='ltr'><strong>omne</strong></span> <span class='ocrx_word' id='word_1_264' title='bbox 786 2953 943 3006; x_wconf 78' lang='lat' dir='ltr'><strong>hexametri</strong></span> <span class='ocrx_word' id='word_1_265' title='bbox 959 2969 1052 3007; x_wconf 87' lang='lat' dir='ltr'><strong>versus</strong></span> 
     </span>
     <span class='ocr_line' id='line_1_32' title="bbox 44 3021 1053 3091; baseline 0.005 -19"><span class='ocrx_word' id='word_1_266' title='bbox 44 3021 147 3076; x_wconf 90' lang='lat' dir='ltr'><strong>modum</strong></span> <span class='ocrx_word' id='word_1_267' title='bbox 167 3023 317 3091; x_wconf 84' lang='lat' dir='ltr'><strong>excedens,</strong></span> <span class='ocrx_word' id='word_1_268' title='bbox 340 3023 415 3077; x_wconf 89' lang='lat' dir='ltr'><strong>unde</strong></span> <span class='ocrx_word' id='word_1_269' title='bbox 439 3039 473 3078; x_wconf 83' lang='lat' dir='ltr'><strong>ea</strong></span> <span class='ocrx_word' id='word_1_270' title='bbox 496 3040 568 3091; x_wconf 87' lang='lat' dir='ltr'><strong>quae</strong></span> <span class='ocrx_word' id='word_1_271' title='bbox 585 3023 701 3077; x_wconf 87' lang='lat' dir='ltr'><strong>modum</strong></span> <span class='ocrx_word' id='word_1_272' title='bbox 720 3025 749 3077; x_wconf 89' lang='lat' dir='ltr'><strong>et</strong></span> <span class='ocrx_word' id='word_1_273' title='bbox 767 3036 926 3077; x_wconf 80' lang='lat' dir='ltr'><strong>mensuram</strong></span> <span class='ocrx_word' id='word_1_274' title='bbox 944 3023 1053 3078; x_wconf 81' lang='lat' dir='ltr'><strong>hebent</strong></span> 
     </span>
     <span class='ocr_line' id='line_1_33' title="bbox 44 3093 1052 3150; baseline 0.005 -7"><span class='ocrx_word' id='word_1_275' title='bbox 44 3093 125 3147; x_wconf 74' lang='lat' dir='ltr'><strong>metra</strong></span> <span class='ocrx_word' id='word_1_276' title='bbox 147 3094 226 3148; x_wconf 85' lang='lat' dir='ltr'><strong>dicta</strong></span> <span class='ocrx_word' id='word_1_277' title='bbox 249 3097 322 3150; x_wconf 85' lang='lat' dir='ltr'><strong>sunt.</strong></span> <span class='ocrx_word' id='word_1_278' title='bbox 346 3094 475 3150; x_wconf 85' lang='lat' dir='ltr'><strong>subsistit</strong></span> <span class='ocrx_word' id='word_1_279' title='bbox 499 3097 594 3148; x_wconf 86' lang='lat' dir='ltr'><strong>autem</strong></span> <span class='ocrx_word' id='word_1_280' title='bbox 614 3112 647 3148; x_wconf 86' lang='lat' dir='ltr'><strong>ex</strong></span> <span class='ocrx_word' id='word_1_281' title='bbox 666 3095 813 3148; x_wconf 87' lang='lat' dir='ltr'><strong>commatis</strong></span> <span class='ocrx_word' id='word_1_282' title='bbox 833 3094 901 3149; x_wconf 91' lang='lat' dir='ltr'><strong>colis</strong></span> <span class='ocrx_word' id='word_1_283' title='bbox 921 3097 949 3148; x_wconf 88' lang='lat' dir='ltr'><strong>et</strong></span> <span class='ocrx_word' id='word_1_284' title='bbox 967 3095 1052 3150; x_wconf 86' lang='lat' dir='ltr'><strong>versi-</strong></span> 
     </span>
     <span class='ocr_line' id='line_1_34' title="bbox 44 3161 1051 3234; baseline 0.007 -20"><span class='ocrx_word' id='word_1_285' title='bbox 44 3161 97 3218; x_wconf 88' lang='lat' dir='ltr'><strong>bus.</strong></span> <span class='ocrx_word' id='word_1_286' title='bbox 132 3166 167 3233; x_wconf 65' lang='grc' dir='ltr'><strong>οἱ.</strong></span> <span class='ocrx_word' id='word_1_287' title='bbox 187 3166 225 3220; x_wconf 86' lang='lat' dir='ltr'><strong>id.</strong></span> <span class='ocrx_word' id='word_1_288' title='bbox 241 3183 271 3234; x_wconf 83' lang='lat' dir='ltr'><strong>p.</strong></span> <span class='ocrx_word' id='word_1_289' title='bbox 287 3171 329 3233; x_wconf 89' lang='lat'><strong>64,</strong></span> <span class='ocrx_word' id='word_1_290' title='bbox 340 3171 383 3221; x_wconf 85' lang='lat'><strong>31.</strong></span> <span class='ocrx_word' id='word_1_291' title='bbox 421 3167 466 3220; x_wconf 79' lang='lat' dir='ltr'><strong>At.</strong></span> <span class='ocrx_word' id='word_1_292' title='bbox 482 3167 560 3221; x_wconf 82' lang='lat' dir='ltr'><strong>Fert.</strong></span> <span class='ocrx_word' id='word_1_293' title='bbox 578 3183 606 3234; x_wconf 79' lang='lat' dir='ltr'><strong>p.</strong></span> <span class='ocrx_word' id='word_1_294' title='bbox 622 3170 742 3232; x_wconf 59' lang='lat' dir='ltr'><strong>wado.</strong></span> <span class='ocrx_word' id='word_1_295' title='bbox 781 3199 814 3207; x_wconf 97' lang='lat'>-</span> <span class='ocrx_word' id='word_1_296' title='bbox 835 3167 1000 3222; x_wconf 76' lang='lat' dir='ltr'><strong>Varrodcl.</strong></span> <span class='ocrx_word' id='word_1_297' title='bbox 1017 3168 1051 3221; x_wconf 87' lang='lat' dir='ltr'><strong>L.</strong></span> 
     </span>
     <span class='ocr_line' id='line_1_35' title="bbox 45 3237 1052 3310; baseline 0.004 -23"><span class='ocrx_word' id='word_1_298' title='bbox 45 3238 67 3300; x_wconf 82' lang='grc'><strong><em>5,</em></strong></span> <span class='ocrx_word' id='word_1_299' title='bbox 78 3240 121 3291; x_wconf 83' lang='lat'><strong>22.</strong></span> <span class='ocrx_word' id='word_1_300' title='bbox 160 3237 233 3292; x_wconf 77' lang='lat' dir='ltr'><strong>Feci.</strong></span> <span class='ocrx_word' id='word_1_301' title='bbox 252 3254 282 3306; x_wconf 81' lang='lat' dir='ltr'><strong>p.</strong></span> <span class='ocrx_word' id='word_1_302' title='bbox 297 3241 378 3304; x_wconf 74' lang='lat'><strong><em>217⁸,</em></strong></span> <span class='ocrx_word' id='word_1_303' title='bbox 393 3243 417 3292; x_wconf 87' lang='lat'><strong>3.</strong></span> <span class='ocrx_word' id='word_1_304' title='bbox 461 3239 583 3293; x_wconf 76' lang='lat' dir='ltr'><strong>Varroni</strong></span> <span class='ocrx_word' id='word_1_305' title='bbox 606 3239 759 3293; x_wconf 77' lang='lat' dir='ltr'><strong>vindicavit</strong></span> <span class='ocrx_word' id='word_1_306' title='bbox 786 3239 943 3293; x_wconf 79' lang='lat' dir='ltr'><strong>deaane</strong></span> <span class='ocrx_word' id='word_1_307' title='bbox 961 3257 992 3310; x_wconf 83' lang='lat' dir='ltr'><strong>p.</strong></span> <span class='ocrx_word' id='word_1_308' title='bbox 1008 3243 1052 3305; x_wconf 88' lang='lat'><strong>65,</strong></span> 
     </span>
     <span class='ocr_line' id='line_1_36' title="bbox 44 3309 891 3380; baseline 0.005 -20"><span class='ocrx_word' id='word_1_309' title='bbox 44 3309 86 3374; x_wconf 75' lang='lat' dir='ltr'><strong>oui</strong></span> <span class='ocrx_word' id='word_1_310' title='bbox 102 3310 216 3364; x_wconf 72' lang='lat' dir='ltr'><strong>azaram</strong></span> <span class='ocrx_word' id='word_1_311' title='bbox 235 3325 338 3378; x_wconf 77' lang='lat' dir='ltr'><strong>quoquc</strong></span> <span class='ocrx_word' id='word_1_312' title='bbox 351 3310 463 3379; x_wconf 80' lang='lat' dir='ltr'><strong>periodi</strong></span> <span class='ocrx_word' id='word_1_313' title='bbox 479 3311 663 3376; x_wconf 76' lang='lat' dir='ltr'><strong>definitionem</strong></span> <span class='ocrx_word' id='word_1_314' title='bbox 681 3312 708 3364; x_wconf 81' lang='lat' dir='ltr'><strong>ci</strong></span> <span class='ocrx_word' id='word_1_315' title='bbox 725 3311 891 3380; x_wconf 78' lang='lat' dir='ltr'><strong>cdsipnooit.</strong></span> 
     </span>
    </p>

    <p class='ocr_par' dir='ltr' id='par_1_8' title="bbox 45 3379 1054 3662">
     <span class='ocr_line' id='line_1_37' title="bbox 107 3379 1053 3452; baseline 0.001 -20"><span class='ocrx_word' id='word_1_316' title='bbox 107 3379 229 3452; x_wconf 73' lang='lat' dir='ltr'><strong>iquod]</strong></span> <span class='ocrx_word' id='word_1_317' title='bbox 248 3396 321 3449; x_wconf 85' lang='lat' dir='ltr'><strong>quae</strong></span> <span class='ocrx_word' id='word_1_318' title='bbox 339 3381 432 3436; x_wconf 69' lang='lat' dir='ltr'><strong>Paris.</strong></span> <span class='ocrx_word' id='word_1_319' title='bbox 541 3386 611 3434; x_wconf 77' lang='lat' dir='ltr'><strong>dex</strong></span> <span class='ocrx_word' id='word_1_320' title='bbox 634 3382 684 3436; x_wconf 79' lang='lat' dir='ltr'><strong>dcl.</strong></span> <span class='ocrx_word' id='word_1_321' title='bbox 710 3382 800 3436; x_wconf 83' lang='lat' dir='ltr'><strong>Wiim.</strong></span> <span class='ocrx_word' id='word_1_322' title='bbox 909 3386 923 3433; x_wconf 72' lang='lat' dir='ltr'><strong>”l</strong></span> <span class='ocrx_word' id='word_1_323' title='bbox 945 3379 1053 3434; x_wconf 78' lang='lat' dir='ltr'><strong>divolsa</strong></span> 
     </span>
     <span class='ocr_line' id='line_1_38' title="bbox 45 3451 1051 3522; baseline 0.007 -23"><span class='ocrx_word' id='word_1_324' title='bbox 45 3451 126 3518; x_wconf 72' lang='lat' dir='ltr'><strong>equi</strong></span> <span class='ocrx_word' id='word_1_325' title='bbox 151 3453 245 3506; x_wconf 82' lang='lat' dir='ltr'><strong>Paris.</strong></span> <span class='ocrx_word' id='word_1_326' title='bbox 357 3457 389 3505; x_wconf 86' lang='lat'><strong>10</strong></span> <span class='ocrx_word' id='word_1_327' title='bbox 416 3452 447 3505; x_wconf 90' lang='lat' dir='ltr'><strong>id</strong></span> <span class='ocrx_word' id='word_1_328' title='bbox 472 3453 531 3507; x_wconf 80' lang='lat' dir='ltr'><strong>secl.</strong></span> <span class='ocrx_word' id='word_1_329' title='bbox 561 3452 669 3520; x_wconf 74' lang='lat' dir='ltr'><strong>caesar,</strong></span> <span class='ocrx_word' id='word_1_330' title='bbox 700 3453 867 3522; x_wconf 77' lang='lat' dir='ltr'><strong>Grcadziipc</strong></span> <span class='ocrx_word' id='word_1_331' title='bbox 892 3453 918 3506; x_wconf 94' lang='lat' dir='ltr'><strong>d.</strong></span> <span class='ocrx_word' id='word_1_332' title='bbox 946 3451 1051 3506; x_wconf 81' lang='lat' dir='ltr'><strong>Griccb.</strong></span> 
     </span>
     <span class='ocr_line' id='line_1_39' title="bbox 46 3520 1051 3592; baseline 0.002 -18"><span class='ocrx_word' id='word_1_333' title='bbox 46 3520 163 3591; x_wconf 79' lang='lat' dir='ltr'><strong>Hiyibm.</strong></span> <span class='ocrx_word' id='word_1_334' title='bbox 183 3539 212 3591; x_wconf 82' lang='lat' dir='ltr'><strong>p.</strong></span> <span class='ocrx_word' id='word_1_335' title='bbox 231 3527 284 3577; x_wconf 89' lang='lat'><strong>174</strong></span> <span class='ocrx_word' id='word_1_336' title='bbox 393 3529 425 3576; x_wconf 91' lang='lat'><strong>11</strong></span> <span class='ocrx_word' id='word_1_337' title='bbox 453 3522 627 3592; x_wconf 75' lang='lat' dir='ltr'><strong>complutum</strong></span> <span class='ocrx_word' id='word_1_338' title='bbox 651 3523 714 3577; x_wconf 84' lang='lat' dir='ltr'><strong>Pal.</strong></span> <span class='ocrx_word' id='word_1_339' title='bbox 807 3523 950 3576; x_wconf 88' lang='lat' dir='ltr'><strong>abdissim.</strong></span> <span class='ocrx_word' id='word_1_340' title='bbox 975 3523 1051 3577; x_wconf 90' lang='lat' dir='ltr'><strong>codd.</strong></span> 
     </span>
     <span class='ocr_line' id='line_1_40' title="bbox 45 3591 1054 3662; baseline 0.004 -18"><span class='ocrx_word' id='word_1_341' title='bbox 45 3591 141 3648; x_wconf 81' lang='lat' dir='ltr'><strong>diesim.</strong></span> <span class='ocrx_word' id='word_1_342' title='bbox 167 3595 259 3650; x_wconf 77' lang='lat' dir='ltr'><strong>Wiloi.</strong></span> <span class='ocrx_word' id='word_1_343' title='bbox 378 3601 410 3650; x_wconf 79' lang='lat'><strong>13</strong></span> <span class='ocrx_word' id='word_1_344' title='bbox 436 3595 572 3648; x_wconf 87' lang='lat' dir='ltr'><strong>trieterici</strong></span> <span class='ocrx_word' id='word_1_345' title='bbox 595 3595 639 3648; x_wconf 86' lang='lat' dir='ltr'><strong>vel</strong></span> <span class='ocrx_word' id='word_1_346' title='bbox 657 3595 734 3650; x_wconf 83' lang='lat' dir='ltr'><strong>codd.</strong></span> <span class='ocrx_word' id='word_1_347' title='bbox 761 3595 835 3648; x_wconf 81' lang='lat' dir='ltr'><strong>trist.</strong></span> <span class='ocrx_word' id='word_1_348' title='bbox 860 3593 937 3647; x_wconf 91' lang='lat' dir='ltr'><strong>velut</strong></span> <span class='ocrx_word' id='word_1_349' title='bbox 954 3595 1054 3662; x_wconf 81' lang='lat' dir='ltr'><strong>scripsi</strong></span> 
     </span>
    </p>
   </div>
   <div class='ocr_carea' id='block_1_8' title="bbox 785 3683 837 3736">
    <p class='ocr_par' dir='ltr' id='par_1_9' title="bbox 785 3683 837 3736">
     <span class='ocr_line' id='line_1_41' title="bbox 785 3683 837 3736; baseline 0.019 -1"><span class='ocrx_word' id='word_1_350' title='bbox 785 3683 837 3736; x_wconf 79' lang='lat'><strong>20*</strong></span> 
     </span>
    </p>
   </div>
   <div class='ocr_carea' id='block_1_9' title="bbox 0 0 1234 3902">
    <p class='ocr_par' dir='ltr' id='par_1_10' title="bbox 0 0 1234 3902">
     <span class='ocr_line' id='line_1_42' title="bbox 0 0 1234 3902; baseline 0 0"><span class='ocrx_word' id='word_1_351' title='bbox 0 0 1234 3902; x_wconf 95' lang='lat' dir='ltr'><strong> </strong></span> 
     </span>
    </p>
   </div>
  </div>
 </body>
</html>
