2480 3904
409 167 570 224 Comifioius
590 169 702 239 Longus
994 165 1061 231 415

542 341 560 395 1

116 445 204 506 ith.
241 446 333 522 ipsis
352 464 433 504 vero
453 445 496 502 ad
511 443 650 504 Cereris
668 444 858 503 memoriae
877 443 1063 504 novandas

49 536 170 612 gratia
191 534 307 594 leotus
330 537 551 594 sternuntur.

119 634 205 688 Prisc.
217 649 246 702 p.
261 636 327 698 257,
341 637 358 686 5
373 633 459 687 etiam
472 632 555 686 huius
570 631 660 685 lectus
675 632 863 699 antiquissimi
877 631 1062 700 protulerunt.

50 703 211 758 Cornificius
229 703 259 758 in
277 704 291 758 I
309 703 344 756 de
363 703 464 772 otymis
484 703 610 757 deorum:
629 717 683 765 ipsis
696 735 723 742 —
736 720 871 758 aternum.

120 817 135 865 2
150 811 242 881 gratia
256 812 341 865 Beris.
352 812 514 881 Lupi-Bai.
527 811 615 866 Oaroi
634 810 755 880 gratiam
769 810 811 864 eei
828 810 903 863 -tiae
918 809 990 880 (tia)
1004 811 1062 864 rell.

542 963 564 1021 2

115 1069 219 1128 1111.
267 1068 390 1128 Oioero
422 1063 471 1148 [de
492 1073 552 1129 aas.
576 1070 603 1128 oi.
627 1070 657 1137 2,
675 1062 730 1148 67]
758 1087 827 1138 non
849 1067 976 1127 Ianum
1004 1067 1064 1128 sed

51 1159 183 1217 Eanum
206 1158 368 1217 nominat
391 1157 432 1216 ab
457 1158 578 1218 eundo.

120 1259 244 1312 Moorob.
260 1262 286 1323 1,
299 1262 326 1325 9,
342 1262 376 1311 11
395 1257 445 1310 alii
463 1256 599 1310 mundum
617 1256 648 1309 id
662 1258 704 1309 ast
719 1255 828 1310 eaelum
842 1272 903 1310 ease
917 1255 1065 1310 voluerunt

52 1329 202 1396 Ianumque
221 1328 257 1382 ab
276 1329 367 1382 eundo
386 1327 502 1395 dictum,
521 1329 597 1394 quod
615 1327 736 1380 mundus
755 1343 864 1396 semper
878 1329 932 1396 eat,
953 1328 1020 1381 dum
1033 1327 1063 1380 in

53 1401 145 1455 orbem
163 1399 283 1455 volvitur
302 1402 330 1452 et
354 1417 388 1452 ex
411 1415 439 1452 se
462 1399 576 1452 initium
598 1399 704 1453 faciens
728 1399 758 1452 in
782 1415 812 1452 se
834 1397 965 1466 nefastum
988 1398 1064 1452 unde

53 1474 78 1525 et
97 1470 258 1526 Cornificius
282 1473 438 1539 etymorum
461 1470 533 1524 libro
556 1470 653 1525 tentio:
677 1483 754 1525 onero
772 1471 866 1538 inquit
883 1495 930 1525 non
942 1502 969 1510 -
983 1483 1063 1525 eundo.

54 1543 115 1598 hino
134 1546 162 1596 et
180 1542 333 1596 Phoenices
352 1543 382 1595 in
401 1541 487 1595 saeris
505 1542 659 1611 imaginem
678 1542 737 1595 eius
756 1541 942 1610 exprimentes
967 1542 1064 1595 draeo-

53 1631 113 1667 nem
126 1615 266 1668 finxerunt
279 1615 310 1667 in
323 1613 419 1667 orbem
433 1613 578 1667 redactum
593 1613 767 1680 caudamque
781 1630 860 1666 suam
875 1613 1063 1681 devorantem,

55 1688 83 1737 ut
101 1687 235 1754 appareat
253 1685 389 1738 mundum
408 1687 436 1738 et
455 1702 488 1737 ex
507 1700 536 1737 se
555 1683 616 1752 ipso
637 1683 675 1737 ali
693 1687 722 1738 et
744 1684 775 1738 in
798 1701 828 1738 se
850 1683 962 1738 revolvi.
1000 1684 1064 1738 ideo

54 1759 79 1808 et
97 1757 171 1827 apud
190 1773 242 1810 nos
259 1756 288 1809 in
308 1757 442 1824 quattuor
463 1757 558 1824 partes
582 1757 703 1824 spectat,
726 1758 758 1809 ut
782 1757 956 1810 demonstrat
979 1756 1064 1809 simu-

55 1827 154 1882 11111]
174 1828 234 1882 eius
251 1826 357 1882 Faleris
377 1827 532 1881 advectum.
564 1828 599 1894 of.
615 1829 681 1898 Nip.
696 1828 762 1898 Fip.
775 1828 811 1895 fr.
822 1831 866 1882 42.
898 1827 966 1881 Gap.
983 1828 1063 1882 Bass.

54 1899 85 1962 fr.
105 1905 129 1954 9.
171 1900 299 1954 Ι1111.ον.
319 1902 461 1966 8,11,37.
503 1899 584 1952 verbo
609 1900 688 1952 ‘tipo
712 1931 743 1938 -
767 1899 922 1953 advectum'
948 1899 1064 1965 fortasse

56 1970 195 2038 Cornificio
213 1970 360 2025 tribuenda
377 1977 450 2024 simi.

541 2105 562 2160 3

117 2210 290 2270 cornificius
320 2209 483 2268 arbitratur
510 2209 681 2285 Apollinem
708 2211 894 2269 nominatum
925 2205 984 2269 ἀπὸ
1011 2216 1064 2268 τοῦ

56 2295 218 2375 ἀναπολεῖν,
241 2298 273 2357 id
292 2303 337 2357 est
356 2301 427 2374 quia
445 2301 525 2357 intra
544 2300 702 2358 oirouitum
720 2299 832 2373 mundi,
852 2317 939 2374 quem
960 2297 1065 2357 Graeci

56 2386 142 2448 πόλον
166 2388 329 2464 appellant,
351 2391 466 2463 impetu
489 2389 569 2448 latus
593 2388 631 2446 ad
655 2391 736 2447 ortus
758 2388 894 2447 refertur.

121 2488 390 2553 Maaoo.1,17,9
425 2494 572 2556 postquam
596 2489 723 2542 Platonis
747 2487 895 2556 Chrysippi
918 2486 1066 2556 Speusippi

56 2557 188 2613 Cleanthis
211 2564 300 2628 appia
323 2560 417 2613 otalii
453 2571 623 2613 1111111111-
637 2572 737 2612 afertur.
776 2559 899 2626 sequitur
922 2559 1065 2613 decadem

55 2646 79 2752 ge
94 2631 185 2756 mpla
212 2629 371 2699 disputatio.
413 2630 448 2695 os.
474 2630 561 2684 Varro
586 2631 618 2684 ds
644 2632 661 2684 i.
681 2631 714 2684 L.
740 2633 765 2697 5,
781 2634 826 2684 68.
866 2630 919 2684 Gis.
946 2631 978 2684 de
1005 2636 1063 2684 aot.

72 2741 77 2753 .
112 2742 122 2768 ,
174 2744 179 2753 .

543 2783 562 2838 4

116 2887 269 2946 invenitur
282 2888 363 2963 apud
377 2886 568 2945 Cornificium
583 2885 719 2964 Longum
728 2885 871 2962 Iapydem
887 2890 916 2945 et
929 2886 1064 2946 Icadium

57 2977 199 3048 profestos
223 2994 241 3033 a
265 2975 353 3035 Oreta
380 2977 411 3034 in
439 2975 571 3035 diversas
598 2977 734 3054 regiones
762 2978 891 3050 venisse,
922 2976 1064 3051 lapydem

58 3064 90 3121 11
107 3065 239 3139 Italiam,
256 3065 392 3124 Icadium
409 3084 480 3124 vero
499 3065 572 3124 ‹luoe
591 3065 730 3140 delphino
750 3064 787 3122 ad
806 3069 938 3124 montem
954 3065 1064 3124 Penna-

57 3168 131 3228 sum,
158 3156 189 3212 et
216 3174 234 3212 1
261 3155 334 3213 duee
362 3153 493 3230 Delphos
522 3155 746 3232 cognominasse
774 3155 805 3213 et
831 3155 863 3211 in
882 3156 1065 3213 vmemoriam

58 3245 157 3318 gentis,
181 3263 295 3318 exque
315 3245 558 3319 profestusarat,
580 3242 765 3302 subiaoentes
789 3261 909 3318 campos
930 3241 1091 3302 Crisaeoss

59 3332 99 3389 vel
123 3331 261 3391 Cretaeos
285 3333 450 3408 appellasse
473 3335 503 3391 et
526 3351 593 3392 aras
616 3334 814 3391 constituisse.

13 3419 14 3424 ἵ
120 3432 192 3486 Serv.
208 3431 306 3500 (Dap.)
321 3431 390 3486 Aeo.
406 3435 431 3496 3,
446 3435 501 3485 332
519 3431 627 3499 patrias
646 3447 709 3484 aras
728 3429 778 3483 alii
792 3429 935 3484 Achilleas
954 3429 1064 3483 intelle-

59 3504 122 3567 gunt
140 3534 187 3557 -.
216 3501 266 3556 alii
284 3502 391 3571 patrias
411 3501 573 3573 Apollineas
594 3502 690 3556 volunt
709 3518 725 3554 a
744 3501 835 3555 Patris
854 3501 978 3556 Achaiae
998 3502 1065 3555 eivi-

58 3573 122 3642 tate‚
149 3574 179 3628 in
208 3591 264 3642 qua
290 3573 401 3628 Patrius
421 3573 523 3642 Apollo
546 3573 649 3627 colitur
666 3605 713 3626 —.
747 3575 813 3625 sunt
835 3573 884 3640 qui
907 3573 1005 3627 dicunt
1029 3571 1064 3626 ab
