2480 3904
454 172 481 227 Ο,
500 173 614 226 Asinius
634 173 724 227 Pollio
1029 177 1093 241 497

151 331 217 386 Getl.
234 338 277 397 10,
292 337 336 400 26,
351 340 366 387 1
386 347 466 388 Asinio
480 349 577 388 Ponione
591 367 616 374 -
630 352 796 400 conspersum.
823 338 946 404 sequitur
963 339 1095 404 refutatio

69 402 177 540 mii,
203 405 332 529 1612112011.
350 423 377 473 p.
394 410 516 472 45228.
554 407 586 460 de
610 409 666 460 loco
690 407 723 473 of.
745 409 944 474 Kretzsotmer,
968 409 1000 463 de
1025 411 1093 464 Geli.

148 578 163 625 2
183 573 299 627 salustio
307 575 347 646 sis
358 574 439 642 iquis
459 577 551 630 Poris.
585 576 751 646 sul(l)usti(i)
770 577 808 630 in.
828 579 888 632 rell.
976 584 991 630 6
1011 579 1093 646 posui

75 643 154 698 Voss,
174 644 238 698 Lot.
257 646 289 700 F
301 651 355 699 112
374 648 470 716 Reqiu.
487 652 540 702 597
558 665 592 700 m.
608 653 627 701 2
649 648 744 717 posuit
767 650 824 703 rell.
917 654 950 703 10
974 665 1007 702 uc
1026 649 1092 703 inde

69 715 143 781 quin
163 717 223 784 (seq.
238 719 303 784 tro,
322 719 395 772 uude
412 717 497 787 infra)
517 719 591 773 Nou.
675 726 708 772 14
727 720 859 773 dicuntur
873 722 996 790 plerique
1014 723 1090 775 could.

342 930 391 982 EX
411 929 596 984 ORATIONE
615 932 687 987 PRO
706 933 822 986 LAMIA

362 1059 454 1142 3[p.
471 1067 536 1123 492
561 1057 800 1144 011Ρῖ111111]

140 1171 266 1245 itaque
303 1190 494 1246 numquam
530 1191 592 1246 per
630 1171 835 1232 Ciceronem
871 1193 967 1232 moro
1003 1177 1089 1251 fuit,

68 1261 161 1335 quin
185 1261 345 1319 eiuraret
368 1278 449 1318 sues
475 1254 592 1340 [esse],
624 1281 709 1336 quos
734 1263 968 1337 cupidissime
996 1266 1089 1323 effu-

67 1349 190 1422 derat,
232 1351 419 1408 oretiones
460 1351 497 1407 in
538 1350 748 1426 Antonium,
790 1352 1087 1428 multiplicesque

67 1456 216 1496 numero
254 1441 288 1496 et
325 1441 531 1498 accuratius
574 1442 730 1514 scriptos
767 1440 845 1499 illis
883 1445 1087 1502 contraries

67 1527 174 1585 edere
207 1545 246 1585 uo
277 1527 333 1585 vel
365 1529 441 1602 ipse
476 1528 595 1603 pelam
627 1548 690 1604 pro
724 1532 892 1588 contione
929 1533 1086 1590 recitare

67 1616 326 1691 pollicebatur.

140 1713 202 1768 Seu.
221 1731 294 1768 suos.
310 1719 386 1780 6,15
404 1713 495 1769 Pollio
515 1747 548 1755 —
568 1714 639 1768 dixit
662 1715 693 1768 in
713 1733 745 1770 eu
764 1717 903 1784 cretione,
927 1734 1012 1786 quum
1034 1737 1085 1788 pro

67 1785 166 1838 Lamia
186 1784 284 1839 edidit.
303 1785 384 1838 Asini
402 1785 550 1841 Pollionilt
569 1803 645 1850 itaque
658 1820 685 1827 -
698 1803 853 1850 pollicebatur.

140 1889 154 1935 2
175 1899 234 1936 esse
253 1886 311 1938 secl.
332 1885 367 1938 H
369 1885 487 1938 Mueller
550 1963 551 1966 Ἴ

454 2079 503 2132 EX
521 2079 699 2134 HISTORIIS

137 2205 172 2268 cf.
192 2205 423 2270 EKoruemauu,
442 2207 486 2259 die
503 2206 564 2260 trist.
584 2205 718 2273 Schriftst.
739 2207 765 2258 d.
780 2207 828 2260 As.
849 2209 919 2261 Poll.
939 2208 1081 2263 iu'llect.

65 2273 179 2328 Jahrbo.
207 2276 295 2344 suppl.
315 2279 353 2330 22
381 2278 474 2344 (1896)
497 2293 527 2344 p.
548 2281 602 2330 555
613 2294 651 2346 sq.
703 2278 794 2344 Peter,
826 2279 888 2332 hist.
917 2279 995 2333 Rom.
1024 2282 1081 2334 rell.

65 2347 154 2414 (Lips.
170 2350 253 2416 1906)
268 2364 298 2415 p.
313 2347 511 2416 LXXXVsq.

414 2484 433 2538 4
459 2474 572 2559 [uun
594 2481 612 2538 5
635 2474 731 2559 Peter]

132 2586 273 2662 quoniam
301 2589 333 2645 in
360 2587 436 2646 hano
464 2589 628 2646 suasorium
658 2587 830 2662 incidimus,
862 2608 922 2647 non
950 2589 1080 2647 alienum

63 2677 138 2750 puto
161 2676 301 2751 indicare,
329 2675 477 2751 quomodo
503 2679 628 2752 quisque
652 2695 682 2735 sc
706 2696 741 2734 ex
763 2677 913 2736 historicis
937 2678 1079 2737 adversus

63 2766 237 2822 memoriam
262 2764 410 2824 Ciceronis
441 2767 573 2842 gesserit.
619 2785 689 2823 nam
714 2768 786 2840 qum
810 2764 911 2825 Cicero
940 2784 993 2825 nec
1016 2770 1079 2825 tum

62 2853 187 2911 timidus
215 2855 306 2911 fuerit
328 2858 363 2913 ut
390 2858 511 2931 rogaret
532 2854 711 2928 Antonium,
741 2872 795 2912 nec
818 2857 880 2913 tum
909 2856 1019 2914 stultus
1043 2860 1078 2915 ut

63 2943 180 3001 exorari
203 2961 289 3017 posse
312 2963 380 3001 eum
404 2946 545 3018 speraret,
575 2962 661 3002 nemo
686 2943 805 3002 dubitat
828 2948 949 3020 excepto
972 2945 1077 3004 Asinio
1105 2960 1117 3000 s

62 3029 208 3106 Pollione,
235 3033 287 3106 qui
309 3032 518 3091 infestissimus
542 3035 640 3091 famae
665 3031 813 3092 Ciceronis
837 3035 1009 3108 permensit.
1036 3066 1074 3074 —

62 3121 270 3195 adieceratque
292 3121 339 3179 his
365 3115 416 3199 [fr.
436 3116 469 3201 3]
495 3123 556 3179 eliu
579 3121 746 3180 sordidiora
768 3123 872 3196 multo,
896 3126 932 3180 ut
954 3122 1077 3182 cuilibet

60 3207 149 3268 ieoile
179 3210 308 3284 liqueret
334 3211 389 3268 hoc
416 3213 514 3268 totum
543 3211 617 3269 adeo
644 3211 754 3269 falsum
782 3230 858 3287 esse,
890 3214 925 3270 ut
951 3231 988 3270 ne
1011 3213 1075 3287 ipse

62 3299 181 3373 quidem
199 3298 296 3356 Pollio
319 3299 352 3356 in
370 3299 502 3359 historiis
527 3300 587 3358 suis
606 3319 714 3376 ponere
738 3318 827 3359 ausus
849 3303 896 3359 sit.
916 3301 1074 3360 —Pollio

62 3407 180 3464 quoque
213 3387 349 3463 Asinius,
387 3391 440 3465 qui
461 3389 585 3448 Verrem
614 3389 764 3449 Ciceronis
796 3409 879 3448 reum
912 3390 1073 3450 fortissime
1088 3405 1115 3446 1o

60 3478 237 3537 morientem
263 3477 402 3552 tradidit,
433 3477 581 3537 Ciceronis
612 3482 738 3538 mortem
765 3480 845 3538 solus
873 3499 908 3538 ex
936 3479 1072 3538 omnibus

60 3567 190 3644 maligne
205 3569 317 3642 namot,
335 3567 540 3627 testimonium
557 3571 658 3626 tumen
673 3569 808 3643 quamvis
825 3569 937 3628 invitus
952 3570 1072 3645 plenum

112 3675 278 3717 Grammaticus
291 3676 407 3716 Romanae
421 3677 549 3725 fragmenta
570 3677 603 3716 ed.
618 3678 740 3716 Fuumonr
825 3673 857 3720 32
900 3677 904 3686 ’
