2504 3904
76 125 100 179 C.
118 125 214 179 Ateius
234 124 340 195 Capito.
378 125 408 179 T.
428 124 530 178 Livius.
567 123 719 193 Augustus.
758 122 785 176 G.
805 122 953 176 Maecenas
1015 121 1084 186 569

140 291 163 340 3.
181 286 249 340 Geli.
264 291 308 351 10,
322 289 397 352 24,1
418 285 464 338 die
479 287 579 352 quarto
598 285 627 337 et
646 283 692 336 die
711 283 818 350 quinto,
833 284 909 350 quod
924 282 1023 336 Graeci
1042 283 1082 346 εἰς

72 356 199 426 τετάρτην
218 357 265 410 καὶ
286 357 325 420 εἰς
339 355 466 426 πέμπτην
487 355 592 421 dicunt,
612 355 648 407 ab
667 353 786 408 eruditis
800 370 874 407 nunc
893 370 1003 422 quoque
1023 353 1081 407 dici

73 428 164 495 audio,
189 430 217 482 et
242 428 289 494 qui
314 427 398 481 aliter
421 427 492 481 dicit
513 443 564 496 pro
586 426 651 479 rudi
674 427 758 493 atque
783 425 898 479 indocto
918 426 1079 493 despicitur.

72 501 119 554 sed
136 499 222 553 Marci
241 499 327 552 Tullii
347 501 425 552 aetas
444 515 476 552 ac
496 514 580 566 supra
595 515 657 551 eam
670 513 734 563 non,
754 497 861 566 opinor,
880 497 922 550 ita
936 496 1080 563 dixerunt3

72 571 212 638 diequinte
231 571 305 624 enim
325 572 353 624 et
372 569 512 637 diequinti
534 586 585 638 pro
611 568 744 622 adverbio
764 567 893 637 copulate
913 568 1082 622 dictumest
1109 575 1124 616 c

73 642 190 696 secunda
208 642 237 694 in
257 658 289 696 eo
309 641 419 710 syllaba
439 643 574 708 correpta.
603 641 683 693 divus
702 640 790 693 etiam
804 639 947 710 Augustus
966 638 1081 710 linguae

71 715 184 767 Latinae
203 731 257 767 non
277 713 387 766 nescius
405 712 664 779 munditiarumque
682 711 771 780 patris
796 710 839 765 sui
858 712 887 764 in
907 711 1081 765 sermonibus

71 787 190 839 sectator
207 785 237 838 in
256 783 384 852 epistulis
403 783 580 853 plurifariam
599 782 804 852 significatione
823 783 879 836 ista
898 781 1006 836 dierum
1025 800 1081 836 non

72 856 153 910 aliter
170 873 236 909 usus
255 858 306 910 est.

138 932 162 981 4.
183 928 236 981 Vel.
257 928 344 998 Loap¹
359 944 390 995 p.
411 930 486 992 67,4
513 926 589 980 varie
613 925 699 979 etiam
725 925 914 993 scriptitatum
937 928 980 980 est
1002 943 1080 980 man·

70 999 180 1067 cupium
200 997 350 1067 aucupium
368 997 526 1063 manubiae,
546 996 570 1050 si
585 997 698 1064 quidem
713 995 741 1051 O.
757 994 859 1051 Caesar
872 1013 922 1065 per
935 997 946 1050 i
960 997 1081 1066 scripsit,

69 1072 101 1122 ut
119 1072 234 1138 apparet
253 1084 287 1122 ex
304 1069 397 1123 titulis
420 1069 521 1137 ipsius,
549 1070 578 1122 at
596 1068 740 1138 Angustus
764 1068 798 1140 [i]
822 1086 871 1137 per
889 1085 920 1134 u,
943 1070 977 1121 ut
995 1070 1081 1122 testes

70 1143 133 1194 sunt
152 1141 210 1195 eius
228 1140 433 1209 inscriptiones.
470 1142 504 1207 cf.
526 1140 628 1194 Caesar
645 1146 701 1194 test.
718 1145 759 1193 10.

140 1217 164 1266 5.
186 1212 279 1282 Quint.
295 1217 321 1278 1,
336 1217 362 1279 6,
378 1216 413 1266 19
430 1211 575 1281 Augustus
589 1227 701 1279 quoque
719 1211 749 1264 in
768 1210 897 1279 epistulis
917 1211 953 1265 ad
970 1209 998 1264 Ο.
1014 1210 1081 1265 Cae·
1179 1239 1183 1246 ·

69 1299 158 1336 sarem
177 1283 288 1351 scriptis
307 1284 450 1350 emendat,
474 1282 549 1350 quod
568 1283 592 1336 is
611 1281 735 1336 calidum
754 1283 845 1335 dicere
865 1298 951 1350 quam
969 1282 1082 1336 caldum

70 1354 160 1421 malit,
178 1371 233 1408 non
252 1353 319 1421 quia
338 1354 368 1407 id
387 1371 442 1408 non
462 1354 499 1407 sit
518 1353 659 1421 Latinum,
678 1353 727 1406 sed
746 1353 814 1420 quia
839 1352 876 1406 sit
899 1354 1021 1407 otiosum
1045 1355 1080 1419 et,

68 1428 101 1478 ut
125 1425 184 1494 ipse
210 1424 315 1479 Graeco
340 1425 425 1480 verbo
451 1425 633 1494 significavit,
661 1421 816 1494 περίεργον.
862 1427 895 1492 cf.
916 1426 1081 1492 Brambocb,

68 1499 194 1567 Neapeet.
213 1497 240 1550 d.
260 1498 324 1551 Lat.
346 1496 419 1552 Ortb.
434 1515 464 1566 p.
479 1501 543 1552 202.

140 1573 164 1622 6.
186 1570 261 1622 Mar.
278 1569 345 1623 Vici.
360 1586 390 1637 p.
409 1573 435 1634 9,
454 1572 471 1621 4
497 1568 577 1621 divus
596 1568 740 1637 Augustus
763 1567 893 1637 genetivo
913 1583 979 1620 casu
997 1567 1082 1620 huius

69 1639 165 1693 domos
184 1655 262 1693 meae
281 1655 331 1708 per
350 1657 378 1705 o,
402 1657 458 1693 non
482 1641 515 1692 ut
532 1655 583 1692 nos
602 1655 653 1707 per
671 1657 689 1690 u
709 1637 832 1692 litteram
851 1639 971 1708 scripsit.
1009 1639 1081 1693 Mes-

69 1710 140 1764 salla
162 1711 265 1764 Brutus
285 1711 413 1779 Agrippa
437 1727 487 1778 pro
513 1727 607 1763 sumus
634 1709 729 1763 simus.
766 1710 839 1765 Suet.
859 1713 932 1781 Aac.
952 1715 990 1764 87
1013 1711 1082 1764 item
1112 1727 1115 1734 ⁴

69 1781 155 1835 simus
173 1799 224 1851 pro
243 1798 337 1835 sumus
356 1785 386 1836 et
404 1782 500 1835 domos
519 1781 649 1850 genetivo
664 1798 730 1835 casu
749 1781 886 1852 singulari
903 1797 954 1851 pro
974 1782 1081 1836 domus.

141 1857 165 1907 7.
185 1853 257 1908 Suet.
277 1855 350 1923 Aap.
365 1857 403 1907 88
423 1853 552 1920 quotiens
572 1855 666 1906 autem
684 1868 735 1921 per
753 1856 835 1907 notas
854 1852 953 1906 scribit
971 1853 1081 1924 [Aepu-

66 1925 147 1996 eth,
166 1924 184 1978 b
202 1941 253 1994 pro
272 1941 302 1993 a,
322 1943 337 1979 c
360 1925 448 1993 prob
472 1940 505 1978 ao
529 1925 660 1993 deinceps
685 1924 783 1978 eadem
806 1925 914 1978 ratione
939 1925 1082 1992 sequentis

67 1996 178 2050 litteras
196 1995 285 2064 ponit,
304 2013 354 2064 pro
373 2014 391 2048 r
406 1998 500 2049 autem
521 1996 624 2064 duplex
639 2013 663 2048 a.
692 1998 726 2062 cf.
743 1997 797 2052 Cic.
813 1997 851 2050 ad
864 1997 921 2051 Aa.
937 1999 982 2061 13,
996 1999 1041 2062 32,
1054 2001 1082 2049 2.

139 2072 164 2122 8.
184 2068 217 2121 de
245 2069 318 2134 sclao
346 2068 498 2122 testimonio
523 2069 602 2122 Petri
624 2068 707 2121 Diae.
734 2068 826 2122 OGK
836 2069 857 2120 1
860 2069 886 2122 V
901 2071 963 2133 334,
981 2071 1018 2121 26
1045 2068 1084 2122 ad

67 2140 174 2194 litterae
186 2156 205 2208 y
218 2144 271 2192 cte
290 2140 324 2205 cf.
339 2139 407 2192 leid.
422 2155 461 2193 or.
477 2143 502 2205 1,
516 2143 541 2204 4,
557 2143 591 2193 15
610 2145 635 2192 et
653 2139 810 2193 Brambccb
826 2140 841 2192 l.
857 2155 878 2192 c.
893 2156 923 2208 p.
938 2142 1002 2192 202.
1016 2142 1082 2193 281.

397 2380 439 2466 O.
472 2379 749 2467 MAECENAS

442 2539 710 2606 rnsmuomi

67 2672 761 2811 ,ciuitiata?illitterati
776 2688 1082 2812 illiterati]

64 2813 209 2882 putabant
227 2813 357 2868 Dorionis
377 2831 437 2869 esse
456 2816 486 2867 in
504 2816 677 2884 metaphrasi
692 2816 798 2870 dictam
812 2815 935 2881 Homeri,
955 2832 1017 2868 cum
1037 2831 1083 2868 ex·

65 2889 201 2939 caecatus
216 2884 334 2954 (lyclops
353 2902 451 2940 saxum
469 2887 499 2939 in
515 2903 591 2941 mare
610 2887 719 2941 reiecit:
741 2930 745 2940 .
767 2929 772 2940 .
794 2928 799 2939 .
821 2929 826 2939 .
845 2887 916 2941 hacc
931 2903 986 2953 quo
1000 2887 1082 2939 modo

65 2973 100 3010 ex
125 2956 264 3026 cormptis
288 2973 321 3011 eo
344 2958 521 3026 perveniant,
544 2961 577 3012 ut
600 2960 749 3028 etmagna
768 2959 910 3011 ettamen
929 2957 1082 3024 sanasint,

64 3028 165 3083 aiebat
192 3027 339 3082 Maecenas
367 3030 443 3098 apud
468 3028 623 3099 Vergilium
650 3029 779 3099 intellegi
806 3046 895 3097 posse.
943 3028 1082 3081 tumidum
1111 3047 1123 3086 o

63 3103 109 3153 est
129 3099 177 3170 [cf.
197 3101 278 3154 Hom.
301 3100 350 3154 Od.
370 3106 397 3166 9,
411 3104 481 3166 431;
506 3118 539 3155 ex
562 3103 670 3155 Pbe'looe.
695 3102 885 3166 Wibmowtr,
908 3101 1023 3154 Hermes
1039 3104 1081 3152 14.

64 3175 142 3225 1879
156 3189 187 3240 p.
204 3171 268 3243 172]
289 3170 372 3239 ὄρους
391 3170 456 3240 ὄρος
473 3172 647 3238 ἀποσπᾶταις
672 3171 812 3242 Vergilius
831 3172 900 3239 quid
919 3171 980 3240 ait?
1007 3171 1083 3239 rapit

62 3242 151 3313 [Aen.
168 3249 211 3302 10.
221 3243 288 3314 128]
310 3243 397 3297 ‘haud
413 3246 522 3311 partem
536 3244 667 3313 exiguam
680 3244 803 3298 montis’.
837 3243 878 3296 ita
892 3240 1083 3312 magnitudini

62 3313 172 3379 studet,
193 3313 268 3386 <ut>
282 3331 338 3368 non
357 3313 540 3382 inprudenter
559 3315 686 3369 discedat
700 3331 717 3368 a
731 3315 794 3368 fido.
828 3319 870 3368 est
888 3313 1016 3367 inflatum
1035 3314 1084 3367 nod

60 3382 159 3454 χειρία
183 3385 312 3483 pollicem
334 3393 447 3509 νῆέσοςξ
473 3384 614 3454 Vergilius
625 3385 706 3509 lquid
729 3386 770 3440 ait
805 3386 866 3458 qui]
879 3386 925 3484 'de
947 3384 1083 3508 navigiis?
1098 3394 1125 3434 ro

59 3457 200 3583 [111ῗῇξὶ
212 3457 536 3596 ὂείἔ]νὶἓὲεήαεοέιῗέξ
545 3474 623 3583 2revo
637 3476 681 3511 sas
701 3458 714 3528 s
736 3457 791 3527 Gyc
804 3458 897 3512 adas.
935 3474 991 3511 non
1033 3460 1085 3511 rc1t
