2442 3902
161 189 227 254 314
311 189 516 244 Grammaticae
535 189 637 243 aetatis
656 188 847 242 varronianae
865 187 1026 257 fragmenta

161 350 205 405 his
230 349 306 404 enim
331 349 415 404 rerba
441 349 554 420 paginis
578 349 629 404 infi
688 350 742 417 tur,
768 349 817 403 ssd
842 347 969 403 calaum
995 346 1102 402 arboria
1125 349 1164 405 est.

161 439 255 493 penna
273 422 340 478 avis.
373 421 466 476 dictus
485 424 581 476 autem
599 438 633 475 ca
645 437 724 476 amus
743 421 819 489 quod
836 419 977 489 liquorem
993 422 1097 490 ponat3
1113 434 1163 472 usn

162 494 238 564 apud
256 495 358 548 nautas
373 492 464 548 calare
482 493 514 617 Ei
529 511 551 548 e.
566 493 691 564 chalare]
709 507 813 562 ponere
831 490 944 546 dieitur.
977 508 1072 560 penna
1087 495 1164 544 auten
1208 501 1209 508 ¹

163 565 342 634 spondendo
356 567 457 619 vocata
470 563 482 617 i
515 566 559 619 est
573 562 706 631 volaud03
727 566 770 619 est
784 563 867 631 euim,
885 565 919 618 ut
932 562 1065 628 diximus,
1081 561 1164 617 avium.

162 636 231 692 folia
255 638 350 690 autem
372 635 508 690 librorum
531 635 675 705 appellata
698 635 757 690 sive
781 634 1025 698 ex‚similitudine
1048 633 1165 689 foliorum

163 708 301 774 arborum,
320 708 379 762 sive
393 708 461 776 quia
480 723 514 761 ex
532 706 648 762 follibus
661 707 741 775 fiunt,
760 706 849 763 idest
865 723 898 760 ex
917 705 1042 775 pellibus
1060 705 1166 775 quaeda

162 779 262 835 occisis
276 779 432 848 pecudibus
446 778 560 832 detrahi
573 778 672 833 solent.
701 777 781 832 cuius
794 779 890 846 partes
903 777 1027 846 paginae
1042 777 1166 836 diruunt,

163 868 195 906 eo
205 853 282 921 quod
297 850 352 906 sibi
365 850 486 906 invicem
500 851 741 921 compaginantur.
765 866 862 904 versus
877 851 973 903 autem
985 848 1080 903 vocati
1089 847 1167 916 vulgo.

164 923 231 991 quia
241 923 282 977 sie
292 921 453 976 scribebant
467 921 586 990 antiqui,
603 921 675 976 sicut
690 923 786 975 aratur
795 924 884 988 terra3
899 920 1044 974 asinistra
1057 919 1128 974 enim
1139 917 1167 969 ad

163 995 306 1049 dexteram
324 993 445 1064 primum
463 992 641 1047 deducebant
655 992 760 1058 stilum,
780 992 882 1046 deiude
896 991 1127 1046 convertebantur
1139 988 1167 1041 ab

163 1066 295 1120 inferiore
318 1067 347 1119 et
371 1081 465 1118 rursus
492 1065 529 1118 ad
552 1065 697 1119 dexteram
725 1081 833 1130 versus3
862 1080 932 1131 quos
957 1065 987 1117 et
1011 1063 1097 1118 hodie
1118 1078 1167 1114 ms·

162 1138 213 1193 tici
239 1153 332 1190 versus
358 1135 512 1206 appellant.
550 1136 654 1190 scheda
680 1137 731 1202 est,
755 1136 831 1203 quod
853 1135 946 1188 adhuc
969 1135 1131 1188 emendatur
1145 1133 1168 1184 et

162 1208 282 1264 necdum
301 1208 331 1262 in
349 1207 436 1262 libros
456 1208 601 1262 redactum
621 1209 676 1273 est3
700 1209 729 1262 et
751 1222 853 1262 nomen
872 1208 915 1260 est
934 1205 1085 1270 Graecum.
1108 1204 1169 1258 sicut

165 1283 193 1335 et
216 1283 316 1334 tomus.
357 1279 478 1334 Cassiod.
498 1292 552 1334 esc.
569 1283 726 1348 p.213,11
748 1277 822 1333 liber
849 1281 944 1332 autem
973 1277 1067 1332 dictus
1094 1279 1133 1344 est
1156 1291 1169 1326 a

163 1351 235 1406 libro
258 1352 288 1405 id
312 1354 355 1405 est
374 1351 486 1404 'arboris
510 1351 613 1404 cortice
637 1351 751 1419 dempto
775 1352 861 1418 atque
883 1348 1018 1417 liberato,
1043 1348 1093 1403 ubi
1114 1347 1168 1401 ante

164 1423 275 1492 copiam
309 1422 478 1476 chartarum·
506 1421 616 1489 antiqui
649 1421 775 1475 earmina
807 1420 1015 1475 describebant.
1061 1419 1170 1489 sequitur
1211 1439 1212 1446 ¹

163 1496 199 1562 fr.
218 1497 282 1548 233.
319 1495 354 1561 cf.
373 1495 448 1548 Noa.
463 1512 494 1563 p.
514 1498 576 1560 151,
596 1498 639 1548 19.
672 1493 745 1548 Sero.
764 1495 834 1546 Aea.
850 1498 893 1559 11,
907 1496 970 1546 554.
1003 1494 1062 1548 buc.
1079 1497 1120 1557 10,
1133 1493 1168 1543 67.

166 1565 252 1621 OGL
272 1567 375 1632 V217,
388 1569 433 1620 25.
462 1569 526 1631 369,
542 1570 566 1620 1.
609 1567 691 1620 uerbo
717 1579 813 1619 versus
842 1565 936 1617 autem
971 1595 1003 1604 —-
1039 1561 1169 1633 appellant

170 1638 303 1692 Varronis
325 1653 379 1692 asse
402 1653 435 1692 acc
457 1638 493 1704 fr.
508 1639 567 1692 288
585 1643 671 1706 patet.
717 1635 750 1689 de
774 1635 908 1706 ‘papiria'
932 1636 967 1702 cf.
996 1635 1080 1689 Paul.
1107 1633 1169 1688 Fesi.

160 1726 190 1779 p.
200 1713 265 1775 221,
275 1713 300 1764 7.
330 1709 363 1763 dc
376 1715 434 1763 tota
447 1726 476 1764 re
490 1708 636 1775 Daiatrlco,
656 1708 760 1762 Uictore.
776 1707 862 1761 actile.
878 1708 992 1761 Bucbw.
1008 1707 1087 1774 (Lpr.
1098 1706 1169 1768 1900)

160 1797 191 1849 p.
207 1783 286 1848 58sq.
319 1781 385 1836 baec
403 1781 497 1834 amaia
514 1780 591 1834 baad
609 1779 718 1832 iniuria
742 1779 862 1833 Varroni
880 1777 1018 1844 tribueret,
1042 1779 1126 1841 libris,
1146 1781 1169 1826 at

165 1852 281 1918 ridetur,
300 1852 332 1907 de
351 1851 524 1906 bibliothecis.

238 1964 251 2010 1
272 1956 315 2010 Al.
330 1957 380 2028 M.]
401 1957 569 2011 alexandrea
582 1955 639 2010 nisi
659 1959 696 2011 M
708 1983 741 2002 =
757 1957 813 2011 cod.
831 1956 930 2010 Morari
1019 1960 1035 2007 9
1056 1956 1169 2009 karam

162 2036 232 2098 post.
260 2029 329 2099 Aeg.
361 2031 430 2099 siqu.
459 2030 597 2100 Mayboff,
629 2029 677 2097 qui
708 2043 764 2098 qua
792 2045 819 2084 n.
846 2029 895 2081 Aa.
922 2025 1055 2096 papirum
1081 2024 1171 2095 gignit.

165 2100 254 2155 intell.
265 2103 378 2156 wniccit
423 2100 610 2168 Sebennytico
620 2101 767 2156 Barbarus
828 2104 860 2152 10
875 2099 948 2152 saite
957 2099 1033 2154 Rioc.
1049 2095 1173 2151 antemi

166 2171 267 2226 saltem
285 2189 326 2243 cp.
420 2177 452 2225 15
467 2171 587 2226 tradidit
607 2172 693 2227 Vatis.
713 2171 805 2226 Parsis.
826 2171 890 2225 Lat.
907 2174 989 2224 6795.
1010 2173 1084 2224 0797
1100 2185 1137 2238 up.

236 2296 352 2352 historic
365 2297 447 2351 etiam
462 2297 691 2362 bibliothecarum,
705 2312 775 2365 quar
789 2313 806 2349 a
817 2294 947 2350 Suetonio
962 2294 1030 2362 (rell.
1036 2311 1067 2365 p.
1079 2291 1171 2354 13011.)

166 2375 191 2422 ct
207 2368 293 2423 Gellio
313 2370 404 2437 (7,17)
423 2369 573 2423 consimilis
586 2368 665 2423 uobis
679 2368 785 2422 tradita
798 2373 846 2432 est,
865 2383 883 2420 a
903 2367 1026 2421 Varrone
1041 2363 1173 2435 repetenda

166 2457 220 2495 esse
238 2441 353 2495 ridetur.
390 2441 425 2506 ef.
446 2440 545 2506 Erebe,
564 2441 597 2493 de
616 2440 650 2494 A.
673 2439 740 2493 Geli.
760 2445 830 2493 acet.
850 2439 908 2492 Art.
927 2437 997 2504 foai.
1012 2454 1043 2508 p.
1060 2442 1100 2492 31.

166 2671 215 2724 DE
236 2669 363 2726 POETIS

643 2778 709 2836 298

233 2883 395 2944 Menander
423 2884 637 2944 aPhilemone
667 2902 856 2960 nequaquam
886 2884 953 2958 pari
983 2882 1173 2962 scriptorem

168 2974 379 3033 certaminibus
398 2974 617 3033 comoediarum
639 2973 753 3032 ambitu
776 2973 934 3050 gratiaque
952 2975 984 3032 et
1006 2971 1174 3032 factionibus

168 3082 256 3139 saepe
283 3082 408 3124 numero
436 3063 617 3123 vincebatur.
665 3081 732 3121 eum
759 3081 827 3121 cum
854 3063 932 3121 forte
959 3062 1112 3122 habuisset
1131 3059 1172 3144 cb·

168 3153 262 3213 viam:
287 3147 421 3230 ‘quaeso'
443 3152 543 3228 inquit
567 3147 722 3227 ‘Philemq
745 3150 824 3210 bona
842 3153 930 3212 venia
947 3151 996 3210 dic
1015 3152 1097 3226 mihi,
1118 3165 1174 3208 cum

143 3259 216 3302 eme
239 3243 343 3318 vincis,
373 3262 433 3301 nou
456 3236 642 3302 erubescist’
693 3241 866 3317 Euripidem
890 3259 1009 3317 quoque
1032 3241 1072 3300 Μ.
1091 3239 1173 3297 Varro

171 3333 223 3404 ait,
246 3349 314 3389 cum
336 3331 469 3407 quinque
493 3334 524 3390 et
546 3331 738 3409 septuaginta
765 3328 936 3408 tragoedias
964 3332 1123 3407 scripserit
1148 3326 1174 3382 in

170 3418 301 3492 quinque
329 3417 400 3478 solis
427 3419 549 3493 vicisse,
581 3437 648 3478 cum
676 3438 744 3477 eum
771 3437 859 3496 saepe
888 3419 1044 3478 vincerent
1072 3419 1174 3494 aliquot

170 3507 275 3577 poetae
298 3507 494 3582 ignavissimi.
544 3505 741 3566 Menandrum
769 3509 869 3566 autem
893 3507 947 3566 alii
969 3510 1089 3568 centum
1110 3507 1173 3572 octo,

171 3591 282 3667 partim
312 3595 430 3654 centum
459 3612 566 3658 novem
595 3595 749 3675 reliquisse
780 3595 947 3660 comoedias
977 3597 1085 3660 ferunt
1130 3591 1172 3656 sed
