2442 3902
168 196 233 259 382
318 194 525 248 Grammaticos
544 195 646 249 aetatis
666 194 857 248 Varronianae
876 195 1034 264 fragmenta

238 355 367 425 Falyeat.
391 372 451 423 exp.
474 372 552 409 serm.
578 361 633 408 aut.
658 359 676 409 8
702 369 825 409 snioemios
844 349 877 394 -’
897 369 1014 408 exultavit.
1049 356 1083 421 ef.
1104 355 1162 408 Noe.

163 444 191 494 p.
207 431 252 493 48,
266 431 283 481 3
302 434 327 480 et
345 427 477 494 Weaaaer,
498 427 641 482 Commeat.
656 427 726 494 pail.
741 426 801 480 Jea.
818 425 858 492 θ’,
873 430 934 480 109.
963 427 1028 480 haec
1043 443 1096 480 uon
1107 425 1165 478 aaa

169 499 264 553 Cincio
272 501 450 570 yremmatico
464 500 633 563 tribueram
647 499 681 564 cf.
693 504 786 551 tameat
793 499 879 552 Hertz
885 515 915 566 p.
928 502 979 564 79,·
993 499 1088 552 Plaeea
1097 514 1122 565 p.
1132 501 1163 548 10.

241 619 254 667 1
275 613 419 668 silicernos
443 616 535 668 Paris.
561 618 632 668 7581
658 615 741 668 Harl.
850 619 866 665 2
892 613 994 666 cintius
1018 614 1104 666 Paris.
1122 614 1167 665 212

168 687 252 740 Bere.
272 687 355 740 Harl.
375 684 514 739 Cinctisus
533 687 625 740 Paris.
641 688 717 739 3088
790 691 806 738 5
824 685 910 738 morti
925 686 1017 739 Puris.
1033 689 1086 740 212
1102 683 1168 737 leta

168 758 252 811 Bere.
272 759 363 812 Paris.
384 761 457 812 3088
475 757 566 810 mordi
584 758 676 811 Paris
698 760 769 810 7581

240 901 272 955 de
291 899 318 954 O.
334 901 401 955 Titii
414 901 577 970 fracmentis
593 899 686 954 Cincio
705 900 853 967 adscriptae
866 899 910 954 od.
925 899 1006 965 infra
1020 899 1057 952 ad
1073 898 1168 952 Titias.

464 1213 689 1300 OURTIUS
721 1211 892 1299 Nicias

543 1417 813 1485 TESTIMONIA

167 1521 277 1576 ussa

240 1634 264 1684 1.
295 1630 349 1685 Cic.
365 1634 403 1684 ad
416 1633 473 1685 Att.
491 1636 516 1698 7,
526 1635 552 1698 3,
563 1637 598 1686 10
617 1633 654 1702 [a.
668 1631 785 1702 704s50]
804 1629 900 1684 Nicias
916 1628 988 1684 Cous
1015 1632 1057 1686 ed.
1073 1631 1172 1684 Niciam

168 1709 318 1772 tyrannam
338 1720 382 1771 ap.
404 1703 585 1773 Crisaeorum
603 1711 629 1758 et
645 1704 812 1758 Strabonem.

240 1786 266 1836 2.
296 1782 369 1836 Suet·
391 1784 424 1837 de
447 1799 560 1855 yramm.
581 1788 615 1837 14
634 1782 745 1836 Curtius
763 1781 847 1835 Nicia
870 1781 964 1835 haesit
987 1779 1034 1836 Cn.
1054 1780 1171 1851 Pompeio

169 1855 197 1906 et
216 1851 245 1906 O.
264 1852 405 1918 Memmio,
427 1855 476 1908 sed
495 1872 558 1909 eum
577 1854 721 1908 codicillos
740 1853 865 1906 Memmii
884 1855 920 1906 ad
938 1853 1055 1924 Pompei
1073 1869 1171 1908 uxorem

170 1925 205 1978 de
225 1927 321 1993 stupro
340 1925 510 1993 pertulisset,
529 1925 657 1994 proditus
673 1926 708 1978 ab
724 1941 758 1979 ea
771 1925 936 1993 Pompeium
949 1924 1076 1991 offendit,
1090 1927 1171 1979 domo-

169 2011 224 2064 que
243 1996 269 2049 ei
287 1997 470 2050 interdictum
488 1999 538 2050 est.
567 2015 628 2052 cam
642 1997 781 2052 discordia
799 1998 871 2050 inter
884 1996 1046 2066 Pompeiam
1059 2006 1083 2052 et
1097 1998 1170 2051 Mea-

169 2069 254 2120 miam
269 2069 345 2122 intra
360 2087 385 2121 a.
402 2069 512 2139 caefae
528 2100 560 2107 -
577 2067 684 2137 700s54
698 2075 759 2122 orta
772 2070 816 2134 sit,
831 2069 955 2122 antehoc
969 2075 1073 2139 tempas
1085 2069 1171 2122 Nicias

136 2191 139 2198 .
171 2140 275 2194 Romae
292 2141 356 2206 feeit.
385 2142 519 2208 ceteroqui
533 2157 558 2192 a.
575 2142 673 2210 7⁰1s53
688 2141 807 2194 ambitus
820 2156 883 2194 reas
898 2140 926 2194 0.
942 2141 1088 2195 Memmius
1101 2140 1169 2194 eae-

170 2213 271 2336 alasSia
281 2217 449 2352 tpeffpfftaga
467 2212 594 2266 exsilium
612 2214 663 2266 ivit
689 2211 732 2281 (cf.
754 2211 808 2264 Cic.
829 2211 867 2264 od
887 2211 917 2280 Q.
936 2212 972 2276 fr.
994 2217 1020 2279 3,
1034 2218 1060 2278 2,
1074 2218 1098 2267 3.
1122 2211 1171 2274 8,3

170 2300 206 2335 a.
247 2299 298 2335 ae.
337 2301 373 2336 a.
438 2326 443 2336 .

242 2366 267 2416 3.
296 2363 367 2418 Suet.
388 2364 453 2417 ibid.
474 2362 530 2416 fuit
548 2365 576 2416 et
595 2362 631 2415 Μ.
653 2362 793 2416 Ciceronis
812 2362 969 2417 familiaris.
1003 2366 1039 2431 cf.
1056 2370 1109 2418 teet.
1125 2377 1169 2430 ul·

169 2440 193 2488 et
209 2436 370 2501 praesertim
388 2439 430 2490 16.

241 2518 264 2566 4.
297 2514 350 2568 cie.
371 2515 408 2568 ad
426 2517 484 2569 Aet.
504 2519 548 2582 12,
569 2521 647 2582 51,1
668 2517 704 2586 [α.
727 2511 846 2586 709745]
872 2515 948 2568 venit
976 2515 1063 2570 etiam
1088 2511 1170 2567 Nicias

170 2584 214 2654 [ia
236 2585 434 2656 faesulanam]
457 2590 486 2640 et
504 2585 649 2640 Valerium
671 2587 755 2641 hodie
779 2583 929 2640 audiebam
951 2603 1013 2641 esse
1032 2589 1170 2641 venturum

170 2656 208 2709 td.
228 2656 294 2710 ibid.
310 2661 354 2722 12,
370 2662 404 2712 53
422 2657 469 2711 hie
492 2658 639 2712 uobiscum
663 2660 728 2712 sunt
750 2657 847 2712 Nicias
870 2660 899 2711 et
916 2657 1055 2711 Valerius.
1090 2657 1124 2710 id.
1141 2652 1171 2707 ud

169 2727 236 2794 funs.
252 2731 325 2794 9,1o
342 2727 454 2782 Niciam
472 2733 599 2783 nostrum
617 2761 652 2770 -
671 2727 867 2783 suavissimum
887 2729 1046 2800 συμβιωτήν

243 2813 268 2862 5.
297 2810 368 2864 Suet.
388 2811 421 2864 de
438 2828 550 2881 massam.
566 2815 601 2864 14
615 2836 649 2856 --
665 2811 719 2865 (lic.
740 2810 777 2862 aei
794 2809 862 2875 fam.
878 2813 962 2876 9,10,
977 2814 993 2862 1
1013 2810 1051 2881 [α.
1067 2807 1160 2876 scelte

170 2880 201 2934 iu
215 2880 294 2934 cuius
313 2881 475 2952 [Ciceronis]
494 2881 616 2950 epistula
635 2882 670 2934 ad
691 2880 869 2934 Dolabellam
887 2881 957 2935 haec
975 2881 1012 2936 de
1030 2897 1062 2935 eo
1076 2878 1161 2952 [Nicia

170 2951 303 3022 legimus:
325 2952 409 3006 ‘nihil
422 2953 528 3006 Romae
546 2952 654 3021 geritur
667 2953 742 3021 quod
756 2954 785 3005 te
803 2953 901 3021 putem
919 2952 990 3005 scire
1008 2967 1110 3016 amare,
1126 2948 1169 3002 nia

171 3023 244 3078 forte
267 3024 337 3078 scire
361 3025 401 3077 vis
424 3042 469 3077 me
492 3024 567 3078 inter
587 3023 700 3078 Niciam
722 3025 846 3076 nostrum
871 3026 901 3078 et
922 3021 1039 3076 Vidium
1066 3021 1169 3076 iudicem

172 3111 239 3149 esse.
259 3096 366 3164 profert
380 3095 460 3162 alter,
475 3097 574 3164 opinor
584 3095 692 3149 duobus
707 3094 859 3160 versiculis,
874 3110 1025 3164 expensum
1036 3088 1168 3166 (Niciae)

172 3165 244 3219 alter
262 3167 441 3221 Aristarchus
460 3167 510 3220 hos
531 3164 657 3238 ὀβελίζεις
682 3182 734 3236 ego
756 3168 903 3233 tamquam
922 3165 1035 3228 criticus
1054 3164 1169 3231 antiquus

171 3237 346 3291 iudicaturus
357 3257 427 3306 sum,
440 3242 535 3293 uisum
550 3239 606 3291 sint
620 3247 670 3292 τοῦ
681 3239 820 3309 (ποιητοῦ
837 3255 873 3290 an
887 3232 1168 3308 παρεμβεβλημένοιγ.

244 3322 269 3370 6.
299 3319 352 3372 Oic.
369 3319 407 3372 ed
420 3320 477 3372 Aa.
493 3323 537 3383 12,
550 3321 596 3384 26,
609 3321 629 3372 2
643 3318 679 3388 [e.
697 3322 751 3372 709
756 3317 820 3388 fes]
835 3318 870 3371 de
883 3316 967 3370 Nicia
984 3317 1061 3384 qnod
1078 3312 1169 3392 seiibis,

172 3386 196 3437 si
214 3387 256 3439 ita
274 3403 319 3441 me
337 3387 469 3441 haberem
488 3391 520 3440 ut
538 3389 598 3442 eius
616 3388 794 3442 humanitate
813 3389 869 3442 itui
887 3404 1011 3456 possem,
1035 3388 1064 3441 in
1087 3385 1167 3456 prinu

174 3455 273 3508 vellem
292 3456 373 3521 illum
390 3474 500 3511 mecum
518 3459 635 3525 habere3
655 3459 704 3512 sed
721 3460 793 3512 mihi
807 3459 929 3513 solitudo
944 3462 974 3512 et
986 3475 1106 3514 recessus

173 3523 266 3604 vincia
293 3527 343 3579 est.
381 3530 456 3593 quod
484 3529 552 3596 quia
578 3529 662 3584 facile
690 3530 799 3584 ferebat
823 3529 911 3596 Sicca,
937 3546 970 3583 eo
992 3530 1082 3600 magis
1104 3528 1109 3539 '
1130 3541 1167 3577 um

175 3592 310 3646 desidero.
338 3599 483 3662 praeterea
497 3601 571 3653 nosti
585 3600 684 3654 Niciae
698 3602 787 3654 nostri
800 3600 1026 3655 imbecillitatem
1039 3597 1167 3655 mollitiem
