2504 3904
425 143 429 152 ·
453 128 480 182 Ο.
500 128 597 182 Ateius
618 127 716 197 Capito

432 324 615 378 INCERTAE
635 323 735 377 sams

401 462 421 517 4
445 453 506 537 [De
527 461 592 517 iure
609 461 690 530 0000.
712 450 766 535 17]

146 567 250 625 Ateius
266 565 372 641 Capito
392 583 503 624 annum
522 585 540 624 a
559 564 684 624 circuitu
700 565 843 638 temporis
862 563 951 638 putat
970 561 1093 635 dictum,

82 657 151 733 quia
173 658 286 715 veteres
314 673 352 713 an
374 673 429 730 pro
453 656 564 714 circum
590 673 699 729 ponere
728 652 876 726 solebant,
905 654 940 708 nt
965 649 1038 710 Oato
1061 653 1093 710 in

81 744 243 822 originibus
265 739 316 823 [fr.
338 745 401 802 124
416 737 463 822 R]
489 739 652 802 ‘oratorum
672 761 710 800 an
728 736 899 800 terminum'
923 740 1019 800 idest
1039 743 1093 798 cir-

82 854 147 893 cum
169 835 337 907 terminum,
361 836 392 891 et
415 832 526 890 ambire
550 833 659 890 dicitur
681 850 735 907 pro
759 832 922 888 circumire.

153 933 275 988 Maeror.
295 935 410 997 1,14,5
432 943 551 985 Ateius-
565 944 686 984 cucumae.
723 931 757 996 cf.
778 930 865 985 Varro
885 928 917 982 dc
936 931 952 982 l.
973 930 1007 983 L.
1028 933 1053 994 6,
1067 932 1092 982 8.

81 1005 246 1130 {ezraitae
264 1008 288 1069 1,
306 1007 371 1057 209.
398 1007 423 1069 5,
442 1006 485 1055 46.
505 1006 549 1056 85.
586 1001 654 1055 leid.
679 1017 717 1055 or.
738 1005 763 1067 5,
783 1005 826 1066 36,
842 1006 866 1054 1.
904 1001 937 1054 de
959 1006 1016 1054 nat.
1041 1016 1092 1054 rer.

100 1117 108 1143 ,
141 1119 146 1128 .
187 1115 193 1128 .

153 1188 167 1234 1
188 1181 222 1234 ab
242 1181 301 1234 eiua
321 1183 412 1236 Paris.
432 1180 536 1235 atteiua
555 1181 653 1234 Bamb.
675 1179 722 1248 (ab
742 1179 801 1233 eius
819 1197 854 1233 m.
869 1183 898 1249 2)

461 1331 480 1388 5
505 1325 555 1409 [cf.
573 1349 606 1403 0.
626 1324 710 1409 274]

147 1440 224 1499 Plio.
248 1457 277 1498 0.
295 1441 321 1496 h.
342 1441 391 1506 14,
407 1440 450 1497 92
482 1429 531 1518 (de
557 1429 708 1518 00000000)
737 1463 779 1484 --
803 1435 866 1494 Αο.
894 1435 965 1494 Stilo
993 1437 1031 1508 fr.
1053 1438 1095 1495 18

461 1601 479 1657 6
503 1591 715 1677 [00000010]

148 1710 263 1766 certum
280 1707 315 1764 fit
333 1706 403 1764 Atei
418 1705 571 1780 Capitonis
591 1706 738 1765 sententia
757 1700 884 1782 <co>cos
902 1705 969 1762 tum
989 1697 1094 1782 [usquc

80 1797 121 1856 00
148 1797 297 1854 Pers-icum
324 1788 443 1872 bellura]
475 1813 582 1870 panem
614 1794 795 1853 lautioribus
828 1812 955 1869 coquere
989 1793 1093 1852 solitos

79 1886 266 1962 pistoresque
289 1885 407 1943 tantum
431 1901 479 1942 eos
503 1885 556 1959 qui
579 1885 626 1941 far
648 1883 786 1959 pisebant
809 1884 985 1942 nominatos.

152 1984 228 2036 Plio.
242 2000 270 2036 0.
284 1985 310 2038 b,
325 1987 432 2048 18,107
451 1985 576 2050 artoptas
595 1981 652 2034 iam
668 1980 785 2035 Plautus
805 1980 931 2050 appellat
949 1981 979 2032 in
997 1979 1096 2033 fabula

79 2071 166 2124 quam
189 2053 364 2108 Aululariam
390 2052 502 2121 scripsit
528 2053 617 2124 [400]‚
644 2068 748 2122 magna
772 2052 806 2107 ob
832 2053 863 2105 id
887 2051 1095 2106 concertatione

79 2126 263 2192 eruditorum,
280 2143 315 2178 an
329 2125 353 2178 is
367 2141 463 2178 versus
477 2128 578 2193 poetae
592 2125 629 2176 eit
644 2123 729 2191 illius,
744 2141 883 2191 certumque
892 2138 919 2177 fit
929 2155 953 2163 -
963 2137 1095 2177 nominatos.

79 2200 115 2264 cf.
136 2198 224 2252 Varro
246 2199 281 2264 fr.
296 2200 358 2250 204.
397 2197 479 2249 Paul.
504 2197 576 2249 Fert.
598 2213 628 2263 p.
649 2199 692 2260 58,
707 2200 748 2249 14.
788 2197 915 2261 040000,
943 2194 1093 2264 00000010.

79 2271 106 2322 0.
127 2269 182 2338 Ny.
201 2269 227 2322 0.
247 2269 322 2322 Plio.
342 2285 372 2335 p.
392 2271 454 2322 302.
494 2267 565 2334 quod
583 2283 616 2320 ac
633 2267 683 2320 boc
701 2275 727 2321 et
744 2284 777 2320 ec
795 2268 932 2334 superiore
952 2268 1007 2320 loco
1026 2282 1095 2320 com-

78 2342 246 2394 meutorium
262 2341 315 2393 olii
333 2339 370 2392 00
384 2340 454 2392 XII
467 2340 583 2404 tabulas,
602 2337 640 2392 00
654 2339 787 2392 Plautum
801 2339 854 2391 olii
867 2339 1095 2407 cucoqitaoeruut,

78 2413 211 2466 memoria
228 2413 277 2465 cix
294 2411 408 2480 0000000
427 2417 472 2464 eet.

408 2545 427 2600 7
451 2536 511 2620 [De
533 2544 598 2600 000
614 2543 715 2614 sacrif.
735 2536 770 2621 4]

146 2669 268 2728 porcam
296 2667 418 2708 auream
441 2653 471 2707 et
495 2651 667 2726 argenteam
695 2649 754 2708 dici
782 2648 826 2706 ait
849 2647 956 2723 Capito
980 2647 1095 2720 AteiuS‚

77 2759 157 2816 quae
188 2743 219 2798 et
248 2742 274 2798 si
303 2758 425 2798 numero
459 2739 625 2797 hostiarum
659 2756 718 2796 non
749 2739 822 2812 sint,
856 2755 964 2797 nomen
993 2739 1095 2794 tamen

78 2848 185 2888 earum
203 2828 324 2903 babere3
346 2828 471 2886 alteram
490 2846 525 2884 ex
544 2845 624 2901 auro,
644 2827 769 2886 alteram
788 2847 822 2885 ex
842 2828 973 2904 argento-
984 2827 1095 2884 factam

78 2918 218 2976 adhiberi
240 2917 384 2977 sacrificio
408 2915 526 2974 Ceriali.

152 3017 227 3071 Fest.
243 3034 273 3085 p.
292 3019 373 3081 238⁶,
388 3020 422 3068 11
440 3040 531 3076 porcam
545 3046 571 3054 -
586 3027 673 3068 Ceriali.

154 3127 170 3175 3
189 3122 308 3176 alterum
328 3124 376 3188 bic,
395 3123 441 3176 sed
461 3120 566 3174 factam
584 3122 641 3175 000.

539 3238 559 3295 8
601 3240 620 3295 6

148 3344 376 3420 propudialis
398 3363 528 3420 porcus
552 3230 673 3402 di[ct]us
697 3345 750 3403 est
777 3375 812 3383 —
840 3344 961 3419 quiin
985 3341 1095 3401 sacri-

75 3433 169 3492 ficio
185 3435 303 3510 gentis
320 3432 492 3492 Claudiae
507 3434 608 3491 velut
627 3434 848 3508 piamentum
865 3436 900 3491 et
914 3432 1095 3491 exsolutio

77 3525 196 3582 omnis
221 3526 428 3582 contractae
451 3522 644 3600 religionis
668 3525 729 3581 est.
