2460 3900
145 173 189 236 80
328 170 534 226 Grammaticos
553 170 804 224 entevcrroninnae
823 168 982 239 fragmenta

145 333 277 456 &adseres
299 339 325 387 et
347 332 495 385 amatorios
517 330 621 400 anons]
645 353 692 398 -3
719 330 794 399 opud
817 347 867 384 nos
890 344 955 382 vero
974 327 1124 383 Aedituus
1149 333 1178 384 et
1229 330 1230 341 ¹

168 403 259 458 orcius
279 405 307 456 et
326 400 442 456 Catulus
461 402 680 473 [aas.652l102].

218 480 303 530 leto
322 473 413 528 licinii
515 473 652 528 aternius
667 473 784 528 Salmas.
811 471 920 541 persius
935 473 1028 527 Paris.
1056 473 1177 539 pensius

145 548 187 601 cel
206 546 330 615 pressius
348 547 405 600 rell.

217 726 350 793 reliquias
368 724 426 778 coll.
448 723 595 788 Baehrens,
615 723 727 792 Frapn.
748 723 822 777 Poet.
843 722 921 776 Rom
942 721 1070 789 (Lipsiae
1087 723 1178 788 1886)

141 814 171 866 p.
182 799 239 849 277
252 813 290 864 sq.
309 796 434 850 aniverso
447 795 482 860 es.
497 795 673 858 RBnettner,
687 795 767 849 Parc.
783 793 873 848 Licin.
889 793 949 846 nna
964 792 989 845 d.
1000 792 1073 846 Lice.
1086 792 1178 846 Kres's

146 869 172 922 d.
195 866 225 938 Q.
245 869 342 922 Latat.
362 868 421 922 Oat.
442 867 521 936 (Lpa.
542 868 633 934 1893).

491 1118 526 1181 B.
551 1115 825 1182 FRAGMENTA

504 1255 688 1310 INOERTAE
709 1255 809 1311 sums

519 1394 537 1449 1
570 1385 604 1469 [1
629 1383 794 1468 Baehrens]

148 1499 307 1557 Poenico
330 1498 427 1556 bello
451 1497 605 1557 secundo
627 1497 727 1555 Musa
750 1499 901 1572 pinnato
925 1496 1038 1574 grcdu

145 1589 280 1647 intulit
313 1604 348 1646 se
379 1587 592 1646 bellicosam
623 1587 660 1645 in
691 1585 834 1644 Romuli
870 1588 1012 1663 gentem
1046 1584 1178 1644 ferum.

221 1677 289 1732 Geel.
310 1680 354 1743 17,
368 1680 413 1744 21,
427 1680 463 1730 45
482 1703 516 1722 =
537 1676 625 1731 Varro
644 1677 676 1730 de
690 1682 762 1745 poet.
781 1676 803 1728 I
823 1676 859 1742 fr.
875 1679 912 1729 56
935 1674 1049 1728 Porcius
1074 1678 1178 1729 nutem

148 1748 262 1802 Licinus
282 1748 370 1802 serius
388 1748 529 1817 poeticam
547 1747 653 1802 Romae
679 1747 804 1816 coepisse
823 1746 893 1800 dicit
916 1746 946 1799 in
964 1745 1009 1799 his
1028 1746 1177 1800 versibus:

148 1834 245 1874 Poenico
261 1852 294 1860 —
309 1834 386 1874 rernm.
419 1819 451 1873 de
470 1837 498 1874 re
517 1819 550 1884 cs.
571 1819 609 1872 ad
633 1819 712 1873 Varr.
732 1819 749 1873 l.
764 1836 785 1873 c.

606 1955 628 2012 2
666 1954 688 2011 2

218 2104 224 2117 .
249 2105 255 2117 .
286 2059 428 2138 ligionem
451 2059 572 2118 Porcius
601 1946 738 2136 desigrira
761 2077 830 2117 cum
852 2057 888 2118 de
912 2057 1010 2115 Ennio
1038 2057 1178 2118 scribens

150 2148 225 2208 dicit
248 2169 316 2208 eum
341 2149 465 2208 coluisse
489 2149 641 2207 Tutilinae
664 2149 739 2207 locs.

226 2239 314 2293 Varro
338 2239 370 2292 de
394 2239 410 2291 l.
430 2238 464 2290 L.
486 2245 510 2304 5,
527 2242 580 2292 163
608 2239 684 2309 [post
703 2236 842 2307 lacunam]
869 2277 875 2290 .
897 2279 902 2289 .
929 2251 1038 2300 lignonem
1057 2267 1092 2276 -
1115 2253 1177 2291 100³.

152 2311 189 2364 ad
208 2312 303 2365 Ennii
323 2311 518 2364 habitationem
536 2311 602 2364 hacc
615 2311 700 2379 'calpa
718 2310 883 2375 reseruntur.

224 2381 467 2455 1<re>ligionem
485 2397 526 2451 cp.
555 2380 698 2450 regionem
720 2380 862 2434 Tnncehns

196 2621 350 2678 ferreum
374 2622 604 2696 scriptorem,
627 2639 763 2695 verum,
790 2620 928 2696 opinor,
956 2619 1179 2694 scriptorem

1051 2709 1179 2766 tumen

196 2785 234 2839 ut
257 2780 430 2856 legendus
453 2781 503 2838 sit

225 2862 279 2916 Cle.
305 2862 338 2915 de
362 2862 410 2928 fen.
435 2865 497 2927 1‚5
533 2878 596 2915 cum
629 2859 780 2930 Sophocles
811 2860 857 2914 vel
889 2859 994 2928 optime
1027 2858 1179 2928 scripserit

151 2931 302 2998 Electrum,
320 2934 415 2986 temen
433 2931 507 2986 mule
526 2947 688 2987 conversum
705 2931 788 2986 Atilii
806 2931 876 2985 mihi
895 2930 1045 3000 legendnm
1062 2934 1177 2998 putem,

152 3004 187 3057 de
210 3021 266 3070 quo
289 3003 402 3057 Licinus
427 3004 515 3075 [nius
537 3003 640 3073 eodan
668 3018 766 3058 roncum
780 3035 814 3044 —
828 3017 862 3058 sn.
895 3005 948 3058 ah'i
965 3003 1066 3057 Licino
1090 3006 1178 3059 veron
1225 3063 1226 3074 ,

152 3081 261 3130 tantsnn
285 3075 345 3142 ‘fea
365 3075 469 3144 script!
493 3077 628 3143 menone,
654 3093 711 3144 qna
733 3076 765 3130 dc
787 3093 817 3130 re
842 3075 876 3142 cf.
901 3075 1023 3129 Batnae
1039 3089 1067 3142 p.
1088 3079 1129 3129 53
1138 3093 1177 3145 sq.

151 3148 286 3215 ceteroqui
303 3147 337 3212 es.
359 3146 413 3201 Cic.
433 3147 471 3201 aa
488 3148 546 3202 Aa.
562 3150 604 3212 14,
619 3151 665 3214 20,
680 3151 705 3202 3.

616 3283 635 3338 4
676 3283 695 3339 4

198 3385 277 3445 dum
296 3273 682 3446 lascivicmnobiliurir
697 3274 732 3447 it
749 3385 875 3446 laudes
899 3384 1045 3445 fucosus
1068 3389 1175 3463 petit
1224 3455 1225 3468 ¹

198 3475 278 3533 dum
318 3475 485 3534 Africani
526 3493 646 3536 vocem
688 3475 848 3534 divinem
890 3473 1010 3534 inhiat
1053 3477 1175 3536 uvidis
1224 3525 1225 3560 ,

795 3563 955 3638 auribus,
