2480 3904
165 189 235 252 490
333 190 542 243 Grammaticos
561 191 664 242 aetatis
683 191 847 260 Augusteae
865 190 1026 260 fragments

166 359 222 414 ita
243 358 347 416 homo
369 361 478 416 tenax
500 377 686 434 parvoque
709 361 905 416 contentus
928 361 1046 417 omnia
1069 361 1172 418 custo·

138 446 243 504 ⁵dita
262 456 297 504 et
318 446 511 505 recondita
532 447 641 506 habet
664 447 777 507 sicuti
799 467 898 521 ποις
921 467 1027 523 quam
1044 447 1085 507 ob
1104 466 1174 505 cau·

164 553 239 594 sam
260 554 392 610 parens
415 539 523 611 qnasi
544 555 720 612 pararens
743 539 798 596 est
820 540 1039 597 nominatus.

239 633 307 688 Ges.
324 639 440 700 3‚19‚1
470 634 621 703 legebatur
643 633 726 688 Gavii
751 635 897 688 Bassi—
923 635 998 689 liber
1021 635 1056 688 de
1080 634 1177 705 origine

164 704 314 758 verborum
332 709 362 758 et
378 651 589 759 rdcabulorum
626 707 658 758 in
676 723 732 774 quo
755 707 799 760 ita
817 707 955 775 scriptum
973 705 1042 760 fuit:
1065 731 1141 769 pareus
1156 736 1179 744 -

164 791 299 830 nima
335 780 397 829 turn
415 776 579 843 F'arorinus,
601 777 652 830 ubi
670 777 741 830 haec
760 778 883 833 audivit:
908 776 1150 846 ‘superstitiose’
1142 794 1178 828 ιιι-

165 848 229 914 quit
248 849 290 901 ‘st
307 849 392 901 nimis
411 847 530 902 moleste
548 852 634 917 atque
653 849 751 902 odiose
770 849 981 903 confabricatus
1000 848 1177 903 commolitus·

163 927 221 986 que
246 920 339 989 magis
363 923 407 972 est
431 921 571 988 originem
594 919 728 973 vocabuli
751 919 858 974 Gavius
883 921 937 973 iste
961 920 1079 986 Bassus,
1103 935 1176 988 quam

166 992 329 1044 armarit&
364 992 494 1056 efisae.
513 993 591 1046 Deo.
610 992 741 1046 εἰδῶσι.
761 993 847 1046 Bem
866 1010 954 1063 geere.
975 996 1001 1058 1,
1016 998 1059 1046 47
1086 993 1174 1056 3,.403

239 1103 254 1150 t
272 1098 419 1168 pararcus]
437 1115 555 1166 patarco
573 1115 607 1152 a
624 1114 711 1166 parce
729 1098 895 1170 [need-Bet.
916 1100 1003 1153 Vatic.

630 1252 651 1306 ⁷
675 1243 725 1328 [2]

235 1375 295 1414 non
313 1357 403 1432 pauci
421 1360 493 1414 sunt
507 1356 558 1430 qni
578 1357 742 1432 opinantur
759 1357 898 1431 pedarios
918 1360 1070 1416 senatores
1087 1353 1175 1431 appel-

169 1447 261 1520 latos,
292 1445 344 1521 qui
367 1446 548 1504 sententiam
570 1446 603 1502 in
625 1449 732 1504 senatu
754 1464 815 1504 non
839 1446 938 1505 verbis
966 1446 1109 1519 dicerent,
1133 1441 1175 1501 sed

169 1536 201 1592 in
225 1535 354 1593 alienam
377 1535 557 1593 sententiam
580 1533 706 1610 pedibus
729 1535 816 1593 irent.
863 1535 936 1610 quid
963 1532 1079 1612 igitur?
1119 1551 1175 1592 cum

170 1627 291 1682 senatus
317 1625 487 1682 consultum
509 1643 565 1699 per
582 1624 794 1683 discessionem
816 1623 915 1698 fiebat,
938 1643 1037 1682 nonne
1060 1619 1175 1681 universi

143 1717 321 1772 ssenatores
343 1713 524 1771 sententiam
546 1712 672 1788 pedibus
696 1711 855 1772 ferebant?
891 1716 984 1788 atque
1006 1714 1078 1772 haec
1097 1712 1173 1769 etiam

170 1802 310 1861 vocabuli
345 1802 435 1860 istn'ns
471 1801 550 1861 ratio
587 1801 705 1875 dicitrrr,
742 1822 834 1878 qnam
867 1800 980 1862 Gavius
1012 1801 1118 1861 Bassus
1148 1800 1174 1856 in

171 1893 390 1952 commentariis
405 1893 466 1951 suis
480 1893 623 1966 scn'ptam
642 1891 774 1967 reliquit.
807 1894 959 1951 senatores
974 1893 1053 1949 enim
1071 1889 1174 1964 dieitin
1226 1889 1227 1925 ι

170 1985 307 2040 veterum
325 1983 433 2053 aetate,
457 1981 512 2056 qni
530 1981 662 2039 cmulem
681 1982 892 2059 magistratum
911 1981 1079 2058 gessissent,
1100 1995 1173 2038 curru

173 2071 277 2131 solitos
299 2071 420 2129 honoris
444 2072 543 2148 gratr'a
566 2069 598 2127 in
621 2071 736 2128 curiam
758 2071 840 2144 vehi,
868 2072 900 2127 in
924 2088 983 2144 quo
1007 2088 1093 2128 curru
1113 2065 1172 2125 selle

132 2175 159 2216 ιο
173 2163 258 2236 esset,
277 2178 472 2235 superquam
489 2159 686 2232 considerent,
705 2177 781 2234 quse
796 2159 833 2217 ob
853 2178 919 2217 eam
938 2176 1060 2217 causam
1077 2153 1172 2216 curulis

173 2250 389 2328 appellaretur,
415 2248 467 2306 sed
490 2266 540 2307 eos
563 2251 723 2324 senatores,
747 2248 800 2324 qui
821 2248 1036 2324 magistratum
1057 2245 1171 2305 curulem

173 2340 305 2398 nondum
333 2340 486 2414 ceperant,
516 2337 641 2412 pedibus
668 2338 791 2396 itavisse
816 2338 849 2394 in
872 2339 1002 2410 curiam,
1034 2338 1171 2413 propterea

174 2433 325 2489 senatores
344 2427 475 2486 nondum
493 2427 656 2485 maioribus
674 2426 836 2485 honon'bus
857 2425 996 2502 pedarios
1015 2425 1170 2484 nominatos.

248 2519 315 2574 Gall.
336 2522 361 2584 3,
381 2520 426 2582 18,
446 2522 461 2569 1
486 2541 532 2570 non
550 2531 617 2578 pauci
631 2549 657 2555 —
670 2531 805 2570 nominatos.
847 2517 881 2582 cf.
906 2516 996 2570 Varro
1014 2523 1066 2570 sat.
1084 2514 1171 2582 12220
1224 2525 1225 2535 ¹

176 2593 245 2645 Rue.
269 2591 351 2645 Paul.
374 2590 446 2643 Fest.
468 2605 497 2656 p.
517 2592 618 2654 49,17.
656 2588 728 2642 Sere.
749 2590 818 2642 Aeo.
838 2592 881 2654 11,
897 2591 958 2642 334.
997 2587 1064 2642 Isid.
1087 2603 1121 2640 or.
1136 2585 1171 2644 20,

175 2668 275 2729 11,11.
314 2661 400 2716 CGL
419 2660 463 2713 VI
476 2664 538 2715 299.

248 2765 263 2814 6
283 2757 399 2831 Gavius]
419 2757 451 2812 G.
544 2763 577 2811 10
596 2756 767 2812 consideret:
787 2776 834 2812 em.
854 2757 930 2812 codd.
950 2747 1045 2812 (ἴασιν.
1125 2768 1170 2834 cur·

175 2831 245 2887 rulis
340 2837 373 2885 12
396 2830 438 2883 ita
456 2829 499 2884 vis
518 2845 547 2883 se
567 2829 654 2883 Vatis.
680 2828 722 2881 ita
740 2829 824 2884 ivisse
844 2829 928 2898 1qu
935 2830 1018 2882 -Bat
1045 2829 1171 2880 intravisse

176 2905 268 2960 Paris.
360 2907 393 2956 18
416 2901 480 2955 hon.
499 2900 612 2954 functos
630 2901 707 2955 codd.
726 2902 821 2955 deterr.
847 2917 912 2954 usos
930 2900 1037 2954 moult
1055 2900 1131 2953 Hertz

635 3035 656 3092 8
698 3036 717 3092 6

245 3142 342 3219 lepide
376 3142 552 3200 mihercules
585 3144 615 3197 et
649 3026 730 3199 sdte]
751 3139 863 3200 Gavius
893 3140 1005 3198 Bassus
1039 3139 1071 3197 in
1098 3136 1173 3204 libris
1222 3101 1223 3147 ¹

179 3247 252 3304 quos
281 3231 316 3288 de
340 3230 453 3307 on'gine
481 3228 695 3288 vocabulorum
725 3229 906 3303 composuit,
936 3228 1014 3286 unde
1043 3226 1172 3304 appellata

177 3336 305 3391 persona
323 3319 362 3376 sit
380 3319 609 3393 interpretatur3
629 3336 647 3374 ι
665 3318 852 3393 personando
871 3319 951 3375 enim
967 3316 1000 3375 id
1018 3315 1172 3412 vocabulum

180 3405 291 3462 factum
311 3423 372 3462 esse
392 3405 547 3464 coniectat.
589 3425 669 3463 nam
691 3409 800 3482 caput
822 3408 922 3482 inquit
945 3409 1037 3465 etos
1057 3421 1172 3480 coperr·

154 3494 298 3550 omento
327 3511 500 3564 personae
530 3496 663 3552 tectum
695 3495 853 3570 undique
883 3514 1024 3570 unaque
1054 3497 1172 3553 tantun
1220 3567 1221 3570 Ἴ

182 3579 278 3635 vocis
302 3579 520 3638 emittendae
539 3584 598 3639 via
621 3585 797 3657 pervium,
820 3584 990 3659 quoniam
1012 3603 1080 3642 non
1102 3597 1172 3656 rega
1220 3571 1221 3640 i
