2480 3904
402 191 580 248 Philoxenus.
617 190 755 259 Didymus
870 197 874 210 '
1021 187 1086 251 447

143 355 176 408 cte
195 355 316 424 Didymi
333 360 422 408 aetate
439 354 473 421 cf.
493 369 579 421 capra
594 353 638 406 Dc
652 352 708 405 tad.
728 352 779 406 titt.
794 356 850 405 test.
866 354 909 404 40.
929 349 961 404 dc
978 350 1088 418 cctiptia

69 433 93 480 ct
102 427 317 492 existimatione,
332 443 387 495 aaa
399 425 495 494 floruit
508 423 585 493 apat
599 425 735 492 antiquos,
745 423 779 489 cs.
793 421 947 487 anaema,
964 419 1086 476 aaa.

64 509 88 552 a.
112 496 209 554 caca.
228 497 255 552 d.
274 497 351 552 ciacc.
370 497 443 552 pta.
457 513 487 566 p.
502 499 584 564 casp.

67 788 196 850 ΠΕΡΙ
223 787 320 848 ΤΗΣ
347 787 478 848 ΠΑΡΑ
507 785 769 847 ΡΩΜΑΙΟΙΣ
794 781 1091 856 ΑΝΑΛΟΓΙΑΣ

536 920 616 975 SIVE

403 1049 463 1114 DE
487 1047 752 1115 LATINITATD

140 1220 297 1289 frcpmcata
320 1219 378 1273 cott.
407 1215 580 1283 Mactata,
606 1216 726 1286 Dictymi
751 1214 841 1270 chau.
867 1229 980 1283 pramm.
1007 1211 1085 1266 Atac.

68 1293 169 1360 frama.
195 1306 263 1359 quac
284 1295 432 1358 acpcccamt
454 1290 548 1343 amata
571 1289 695 1357 (Lipsiae
714 1288 797 1355 1854)
820 1303 850 1354 p.
866 1288 966 1353 acccc.
994 1289 1087 1338 atram

69 1361 195 1432 Dictynna
222 1361 394 1415 Chalcattcrc
422 1361 491 1414 titrc
519 1361 563 1414 De
588 1361 726 1414 latinitate
758 1375 797 1412 aa
830 1357 936 1411 iactari
968 1353 1086 1410 maaca

68 1432 233 1488 ciadicaadi
247 1433 305 1486 aiat
318 1432 481 1502 amtipttar;
500 1448 547 1502 epo
565 1438 656 1485 tamea
669 1429 790 1486 Schmidt
808 1428 885 1497 (ibic.
894 1445 925 1496 p.
942 1428 1005 1493 346)
1019 1431 1087 1479 rcctc

69 1505 195 1559 iudicare
225 1511 302 1572 pato.
338 1520 423 1574 aeque
452 1503 490 1558 ad
520 1504 590 1557 aticc
615 1503 698 1556 libros
721 1503 758 1568 fc.
777 1506 801 1554 1.
827 1504 852 1554 3.
875 1503 901 1565 4,
928 1498 978 1551 abt
999 1497 1087 1566 aperis

69 1575 219 1701 {ppettctic
242 1574 425 1701 dcudtzragtcpr,
443 1575 581 1700 pccttazcrc
594 1579 724 1643 pascuat,
748 1588 809 1626 cam
832 1570 952 1640 Didymi
972 1573 1088 1626 sectator

93 1662 233 1702 maanus
251 1662 295 1701 cac
341 1662 361 1699 a
393 1663 420 1699 m
435 1661 548 1701 accat.

456 1783 473 1837 1
500 1775 532 1854 [1
557 1765 698 1856 uocaui]

136 1906 156 1944 u
177 1887 243 1945 loco
267 1887 458 1946 consonantis
481 1886 581 1961 posita
604 1883 727 1944 candem
750 1900 871 1958 prorsus
893 1884 925 1941 in
950 1880 1086 1942 omnibus

73 1978 133 2034 vim
162 1975 270 2034 habuit
300 1974 382 2051 apud
404 1973 528 2033 Latinos
560 1992 649 2049 quam
679 1973 759 2048 apud
789 1971 891 2033 Aeolia
922 1971 1087 2048 digamma3

71 2065 149 2124 unde
172 2082 191 2122 a
213 2065 363 2140 plerisque
387 2065 416 2122 ai
437 2081 545 2122 nomen
572 2063 629 2122 hoc
652 2062 749 2135 datur,
779 2061 858 2137 quod
882 2061 961 2137 apud
984 2059 1086 2118 Aeolia

70 2152 176 2212 habuit
199 2154 272 2210 olim
299 2154 322 2212 t
346 2153 507 2230 digamma,
529 2152 561 2210 id
585 2155 631 2211 est
651 2170 711 2211 vau
742 2150 779 2210 ab
802 2150 896 2226 ipsius
923 2167 995 2209 voca
1018 2168 1084 2225 pro·

71 2243 180 2302 fectum
214 2245 292 2302 teste
318 2240 453 2300 Varrone
487 2235 538 2320 [fr.
557 2234 642 2319 270]
676 2242 706 2299 et
735 2239 880 2315 Didymo,
912 2240 963 2314 qui
994 2237 1026 2296 id
1058 2237 1112 2296 cia

70 2350 176 2391 nomen
200 2348 263 2391 case
287 2331 454 2390 ostendunt.

140 2431 230 2484 Prisc.
240 2447 271 2500 p.
287 2433 359 2495 15,1
373 2455 389 2482 u
403 2445 467 2483 vero
484 2445 536 2484 1000
549 2460 576 2480 -.
590 2443 715 2483 ostendunt.
733 2445 784 2496 pro
803 2442 858 2496 quo
874 2425 976 2482 Oaaaar
990 2426 1085 2497 [Olau-

71 2501 144 2573 diaa]
172 2501 247 2555 hauc
274 2501 435 2572 iifiguram
461 2499 546 2554 scribi
566 2499 664 2564 voluit,
692 2499 768 2568 quod
787 2497 916 2566 quamvis
942 2496 986 2550 illi
1010 2499 1085 2554 recta

71 2573 157 2626 visum
179 2575 231 2638 cst,
249 2573 346 2625 tamen
365 2571 536 2626 consuetudo
556 2571 674 2638 antiqua
693 2569 843 2640 superavit.
871 2571 906 2636 cf.
926 2569 1014 2624 Varro
1031 2570 1048 2622 t.
1063 2585 1085 2622 c.

140 2685 155 2732 2
176 2685 201 2733 et
220 2683 235 2732 3
255 2678 348 2733 aeoles
366 2679 407 2732 ccl
425 2677 499 2732 colcu
518 2679 598 2732 malti
616 2679 691 2733 cccc.

137 2927 231 2988 Stoici
254 2959 298 2969 -
321 2929 483 2987 articulum
511 2930 540 2986 ct
568 2946 730 3004 pronomen
757 2945 849 2986 uuam
875 2927 993 3003 pactam
1020 2943 1085 2983 ora-

71 3019 161 3076 tionis
194 3016 393 3093 accipiebant,
428 3016 579 3075 infinitum
612 3017 771 3076 articulum
805 3017 959 3090 vocantes,
997 3033 1085 3090 quem

72 3106 261 3182 grammatici
292 3107 467 3180 articulum,
500 3106 585 3182 eique
617 3105 812 3182 adiungentes
842 3105 934 3163 etiam
965 3103 1085 3162 infinita

70 3198 191 3254 nomina
214 3195 262 3254 vel
283 3195 426 3269 relativa,
457 3194 536 3270 quod
564 3197 655 3254 ctiam
678 3194 824 3270 Didymus
854 3194 929 3252 facit
951 3195 1084 3252 tractans

70 3285 103 3343 dc
126 3285 289 3345 latinitate.

138 3385 227 3439 Prae.
252 3400 283 3452 p.
303 3387 405 3451 aaut
441 3381 490 3451 qui
519 3381 603 3436 tertio
629 3381 690 3436 loco
715 3381 899 3451 participium
923 3381 1085 3450 posuerunt,

67 3455 170 3510 rectius
180 3454 281 3508 iecisse
295 3453 435 3508 videntur.
464 3460 527 3508 cum
547 3452 622 3506 enim
635 3469 737 3507 noman
752 3455 781 3508 at
793 3453 907 3508 verbum
921 3451 1043 3521 primum
1058 3453 1087 3504 ct

66 3525 220 3582 secundum
238 3527 390 3579 tenuerunt
407 3523 514 3588 locum,
533 3524 714 3594 participium
734 3525 810 3594 quod
829 3541 862 3578 ax
880 3526 999 3591 utroque
1021 3539 1086 3576 nas-

67 3598 139 3652 citur
164 3599 328 3666 acqucntcm
356 3597 416 3650 iura
442 3596 539 3666 exigit.
573 3596 732 3663 quaesitum
758 3598 802 3650 est
825 3597 921 3649 tamen
949 3610 986 3648 an
1013 3594 1084 3647 bena
