2480 3904
141 174 208 240 488
308 174 514 230 cumeum
533 176 636 228 maus
653 177 815 244 anguem
832 175 991 244 unguenta

142 351 193 392 nec
216 335 242 390 ei
269 334 345 389 cedit
367 335 511 390 Modestus
536 336 712 399 inventione;
736 353 803 388 nam
825 335 893 402 quis
916 332 998 387 Caelo
1015 332 1133 385 &tumus

141 405 279 474 genitalia
297 406 463 474 absciderit,
486 406 540 460 hoc
558 407 672 460 nomine
691 406 851 474 appellatos
870 407 920 473 qui
938 420 1021 458 uxore
1037 403 1135 456 meant

141 477 190 532 sit.
219 477 504 544 cfilsid.or.10,34.
533 479 620 532 Prisc.
631 497 661 548 p.
676 483 772 544 18,10.
801 479 896 532 Albin.
910 478 978 531 orbi.
989 493 1018 544 ρ.
1031 477 1134 538 299,2ῖ.

141 550 319 620 ccrsloqnnnn
333 549 486 606 Stoicomm
500 552 704 618 principiorum
721 551 824 603 lumine
838 551 1020 603 Rcitmnmin
1031 548 1138 600 murm

141 623 195 688 (Μ.
219 621 277 676 Ter.
298 621 386 676 Varro
404 639 431 675 n.
451 622 510 676 loli.
529 639 553 675 o.
572 621 715 675 Euclwc'tu
728 639 758 690 p.
773 625 828 689 35).
866 620 899 674 de
922 619 1011 674 Gavio
1035 618 1140 672 Modesti

141 699 251 748 mutere
268 693 302 758 ef.
318 695 399 748 nina
417 694 453 759 fr.
468 698 493 746 4.

214 805 227 852 1
248 797 378 868 gavinius
397 801 521 854 Ambos.
612 805 628 852 2
646 800 750 852 vacant
767 800 898 853 nonnulli
914 799 991 852 codd.

602 954 621 1008 4
646 943 695 1028 [s]

211 1072 322 1136 Gavius
346 1074 458 1135 Bassus
481 1075 513 1132 in
537 1076 756 1134 commentariis
779 1075 854 1147 suis,
881 1077 954 1132 item
977 1074 1069 1132 lulius
1088 1071 1144 1130 llo·

143 1163 243 1222 destus
270 1167 302 1222 in
330 1164 458 1224 secundo
486 1166 695 1240 quaestionum
721 1165 912 1223 confimarnm
941 1163 1093 1222 historiam
1112 1161 1147 1218 de

144 1271 220 1330 equo
243 1251 349 1312 Seiano
374 1253 499 1312 tradunt
522 1253 644 1332 dignam
666 1256 810 1311 memon'a
833 1255 924 1328 atque
948 1252 1147 1310 admiratione:

145 1339 280 1402 Gnaeum
301 1341 402 1402 Seium
423 1345 592 1420 quempiam
616 1341 743 1401 scribam
765 1342 858 1401 fuisse
876 1361 1002 1416 cumque
1020 1340 1149 1400 habuisse

117 1446 254 1506 eequum
282 1435 386 1490 natum
410 1431 499 1509 Argis
521 1433 554 1490 in
578 1434 658 1489 terra
681 1429 814 1506 Graecia,
844 1430 880 1489 de
904 1449 962 1505 quo
985 1431 1065 1489 fama
1085 1448 1147 1488 con-

144 1523 225 1580 stans
245 1523 330 1594 esset,
353 1523 509 1596 tamquam
528 1519 563 1579 de
587 1539 693 1597 genere
712 1539 856 1596 equorum
878 1521 1052 1596 progenitus
1068 1520 1150 1589 foret,

145 1611 197 1686 qui
216 1601 369 1668 Diomedis
388 1609 509 1668 Thracis
533 1609 668 1683 fuissent,
692 1628 767 1684 quos
786 1609 929 1668 Hercules
948 1607 1086 1667 Diomede
1107 1625 1150 1664 oc-

144 1697 203 1756 ciso
220 1716 234 1756 s
249 1698 377 1760 Thracia
392 1698 488 1776 Argos
507 1698 700 1773 perduxisset.
738 1717 807 1756 eum
825 1717 933 1773 equum
946 1698 1038 1758 fuisse
1055 1697 1152 1755 dicunt

145 1786 350 1864 magnitudine
383 1787 553 1861 invisitata,
590 1789 703 1846 cervice
734 1788 844 1862 ardua,
881 1788 978 1846 colore
1009 1786 1151 1862 poeniceo,

104 1891 129 1932 10
145 1875 218 1934 tlora
243 1877 273 1935 et
296 1876 426 1935 comanti
449 1875 520 1934 iuba
544 1876 738 1951 omnibusque
762 1876 830 1936 aliis
854 1895 998 1952 equorum
1020 1874 1152 1934 laudibus

145 1983 263 2041 quoque
290 1965 378 2042 longe
401 1965 601 2042 praestitisse3
629 1965 679 2023 sed
703 1965 828 2023 eundem
853 1984 963 2039 equum
986 1965 1041 2022 tali
1067 1964 1152 2022 firisse

144 2055 208 2112 fato
232 2055 294 2114 sive
317 2053 438 2112 fortuna
460 2055 574 2129 ferunt,
601 2057 636 2113 ut
659 2055 794 2130 quisquis
821 2054 944 2112 haberet
972 2074 1039 2112 eum
1065 2053 1150 2130 possi·

145 2143 295 2218 daretque,
313 2146 348 2201 ut
361 2144 387 2204 is
402 2161 470 2202 cum
484 2145 565 2202 omni
579 2143 666 2203 domo
682 2144 800 2201 familia
818 2143 1005 2218 fortunisque
1025 2143 1153 2202 omnibus

146 2231 205 2292 suis
239 2231 276 2292 ad
309 2231 541 2292 internecionem
573 2232 728 2308 deperiret.
778 2233 880 2308 itaque
912 2235 1044 2307 primum
1073 2232 1152 2290 illum

105 2336 129 2376 rs
146 2319 279 2380 Gnaeum
305 2320 405 2382 Seium
434 2320 585 2381 dominum
614 2324 677 2380 eius
700 2341 719 2380 a
741 2322 780 2381 M.
804 2321 945 2393 Antonio,
976 2321 1030 2397 qui
1056 2323 1153 2396 postea

145 2411 337 2470 triumvirum
369 2409 550 2487 reipublicae
583 2411 807 2469 constituendae
837 2409 908 2483 fuit,
941 2410 1049 2486 capitis
1079 2411 1151 2467 dam·

145 2503 249 2558 natum
273 2498 440 2558 miserando
464 2499 611 2574 supplicio
635 2499 775 2557 affectum
798 2517 873 2573 esse3
902 2499 1005 2558 eodem
1028 2502 1153 2575 tempore

147 2585 316 2648 Cornelium
340 2586 528 2647 Dolabellam
552 2589 704 2648 consulem
726 2590 758 2646 in
783 2587 901 2665 Syrium
925 2588 1152 2664 proficiscentem

145 2676 226 2736 lama
253 2679 340 2736 istius
368 2678 438 2752 equi
466 2675 627 2736 adductum
651 2677 747 2755 Argos
775 2677 936 2737 devertisse
964 2678 1152 2753 cupidineque

105 2765 276 2826 rehabendi
306 2767 370 2825 eius
401 2767 543 2825 exarsisse
575 2769 738 2842 emisseque
768 2785 836 2824 eum
865 2767 1009 2825 sestertiis
1042 2769 1151 2826 centum

146 2853 280 2928 milibus3
313 2855 364 2914 sed
395 2857 494 2932 ipsum
527 2874 645 2931 quoque
677 2854 865 2915 Dolabellam
896 2857 929 2912 in
962 2855 1052 2930 Syria
1083 2853 1152 2913 bello

147 2943 228 3002 civili
244 2943 394 3004 obsessum
414 2947 504 3020 atque
522 2946 713 3004 interfectum
727 2961 802 3016 esse;
821 2963 889 3004 mox
903 2943 1030 3002 eundem
1044 2961 1152 3022 equum

147 3034 197 3110 qui
212 3032 387 3092 Dolabellae
401 3034 509 3106 fuerat,
524 3031 555 3092 G.
569 3032 713 3106 Gessium,
728 3035 781 3108 qui
793 3032 982 3092 Dolabellam
996 3033 1152 3098 obsederat,

146 3121 312 3182 abduxisse.
359 3140 428 3180 eum
459 3121 595 3182 Gessium
624 3127 729 3198 postes
759 3123 831 3181 satis
861 3125 967 3180 notum
997 3127 1044 3181 est
1074 3121 1153 3182 victis

106 3210 282 3288 repentibus
305 3211 431 3286 t'usoque
454 3213 584 3271 exercitu
608 3230 661 3270 suo
683 3213 823 3270 miseram
849 3215 976 3270 mortem
998 3215 1152 3288 oppetisse

147 3298 252 3358 deinde
270 3303 339 3374 post
357 3299 523 3358 Antonium
541 3303 610 3374 post
632 3300 788 3359 interitum
808 3299 902 3360 Cassii
925 3303 1014 3375 parta
1034 3298 1152 3360 victoria

147 3403 256 3458 equum
279 3386 366 3444 illum
389 3386 519 3446 nobilem
539 3386 634 3447 Cassii
656 3390 815 3464 requisisse
838 3393 878 3463 et,
900 3408 968 3447 cnm
988 3407 1023 3448 ec
1048 3393 1150 3465 potitus

147 3475 233 3544 esset
251 3475 349 3546 ipsum
369 3492 486 3550 quoque
504 3481 610 3549 postes
628 3477 740 3536 victum
758 3481 848 3553 atque
863 3478 1014 3536 damnum
1032 3479 1150 3539 denso

148 3555 202 3612 bili
226 3560 316 3616 exitio
339 3561 484 3619 interisse.
521 3562 590 3622 hinc
613 3565 805 3640 proverbium
827 3566 865 3624 de
887 3566 1059 3626 bominibus
1085 3567 1152 3627 cua·
