2444 3902
141 197 206 262 208
289 197 495 253 Grammaticae
514 197 616 252 aetatis
636 197 826 252 varronianae
846 197 1004 267 fragmenta

140 357 217 426 quod
235 357 367 410 similiter
389 358 418 411 in
441 357 495 412 hoo
523 357 646 411 carmine
668 356 806 412 ridiculae
828 375 874 411 res
892 357 1100 426 pudendaeque
1118 355 1153 408 ‹ii-
1212 397 1214 418 2

141 430 242 482 euntsu
259 428 338 483 velut
356 445 429 498 quae
448 445 465 482 a
483 428 587 483 saturis
605 427 786 497 proferuntur
803 432 833 484 et
852 429 934 495 fiunt3
954 429 1011 483 sive
1030 431 1154 483 saturas

140 499 234 567 lance,
262 516 334 568 quae
358 499 462 554 referta
484 499 569 554 variis
592 499 745 570 multisque
768 500 902 569 primitiis
925 501 956 554 in
979 516 1061 554 sacro
1086 499 1154 568 apud

140 570 248 639 priscos
267 571 311 625 dis
329 570 505 625 inferebatur
523 573 552 624 et
571 588 588 625 a
607 571 745 640 copiaao
764 572 913 626 saturitate
936 571 977 626 rei
996 573 1098 625 satma
1117 587 1155 622 vo-

141 643 259 722 sabatur
286 665 332 709 -3
362 643 420 697 sive
444 661 461 696 a
484 643 607 711 quodam
629 659 735 767 genere
763 641 932 710 farciminis,
959 643 1035 712 quod
1063 641 1156 696 multis

140 714 224 768 rebus
241 713 377 768 refertum
396 715 521 768 saturam
540 714 611 768 dicit
655 731 716 768 arro
735 715 896 769 vocitatum.
929 716 973 768 est
991 716 1093 768 autem
1110 713 1156 766 hoc

140 785 265 854 positum
287 785 318 839 in
340 785 365 838 ΙΙ
388 785 460 839 libro
483 785 680 839 Plautinarum
702 786 912 854 quaestionum:
949 802 1027 840 sutura
1040 817 1071 826 -
1084 809 1156 849 gem.

141 855 192 910 alii
212 859 306 910 autem
320 857 427 910 dictam
440 858 544 925 putant
558 872 575 908 a
588 857 652 925 lega
671 858 776 923 satura,
795 873 867 926 quae
881 873 937 910 uno
952 860 1058 928 rogatu
1073 855 1157 910 mults

141 927 226 982 simul
251 928 475 996 conprehendat‚
507 928 583 996 quod
609 927 717 982 scilicet
743 930 772 981 et
797 930 893 982 satira
919 929 1043 982 carmine
1072 927 1157 981 multa

141 999 225 1053 simul
246 1001 379 1069 poemata
402 999 679 1068 conprehenduntsrr3
705 999 785 1053 ouius
809 1001 921 1056 saturae
943 999 1017 1070 legis
1035 999 1158 1054 Lucilius

141 1071 270 1124 meminit
292 1071 322 1123 in
345 1071 436 1140 primo
456 1071 505 1142 [48
520 1071 595 1142 Ma]
615 1071 678 1140 ‘per
701 1072 825 1124 saturam
844 1071 966 1125 aedilem
983 1070 1097 1126 factum
1115 1069 1158 1139 qui

141 1141 252 1210 legibus
287 1141 388 1196 solvat'
425 1144 454 1195 et
488 1140 638 1196 Sallustius
673 1141 703 1196 in
728 1142 865 1226 Iugurtha
900 1143 958 1214 [29,
980 1144 1011 1214 5]
1045 1141 1157 1196 ‘deinde

141 1214 223 1281 quasi
236 1231 288 1282 per
301 1216 426 1268 saturam
441 1213 589 1267 sententiis
604 1212 751 1281 exquisitis
766 1231 796 1267 111
811 1213 985 1268 deditionem
1000 1213 1157 1283 accipitur'.

141 1285 175 1350 cf.
192 1286 265 1340 Fest.
276 1302 306 1353 p.
322 1289 404 1351 3140,
418 1288 456 1338 25
475 1286 568 1354 (Paul.
585 1302 614 1352 p.
630 1288 693 1351 315,
707 1288 743 1355 7).
766 1285 860 1356 Quint.
876 1289 1017 1352 10,1,93.
1034 1285 1158 1340 Binan

141 1358 173 1411 de
190 1356 247 1423 fab.
262 1360 290 1422 2,
305 1360 330 1410 5.
350 1357 475 1412 Pis-Acro
493 1373 569 1411 aean.
591 1357 801 1426 Ipraeflisid.
821 1374 860 1412 or.
879 1361 905 1423 8,
921 1360 946 1423 7,
961 1360 988 1410 8.
1073 1372 1160 1412 omnes

140 1428 283 1483 Diomedis
306 1429 481 1500 etymoloyias
505 1429 561 1483 Leo
581 1427 702 1482 Vononi
725 1428 851 1483 anoton
877 1428 1002 1496 (Hermes
1018 1431 1067 1482 24.
1089 1430 1160 1482 1889

137 1515 166 1568 p.
188 1503 329 1624 want}
360 1503 431 1640 1504
453 1517 479 1569 p.
500 1501 562 1569 76);
591 1500 671 1554 obiter
695 1499 803 1554 iudicat
829 1501 918 1554 Mara
944 1500 1047 1568 (Lucil.
1079 1515 1159 1554 cam.

140 1573 278 1640 reii.1p.
333 1587 391 1640 aa..

214 1661 335 1728 isatyra
390 1658 493 1727 tpinei
502 1661 612 1728 scripsit
620 1666 646 1714 et
655 1675 689 1713 ex
697 1661 756 1715 aeci.
772 1661 829 1715 Leo
844 1658 947 1728 (GGF
958 1659 1063 1714 Kosbel
1078 1677 1106 1730 p.
1117 1660 1159 1727 56)

256 1890 289 1944 Π.
309 1889 499 1945 LIBRORUM
517 1890 567 1943 AD
586 1889 787 1945 HISTORIAM
806 1889 1043 1945 LITTERARUM

510 1996 789 2054 PERTINENTIUM

361 2121 410 2175 DE
429 2120 677 2177 BIBLIOTHEOIS
695 2120 885 2176 LIBRORUM
900 2120 938 2175 III

212 2264 246 2331 cf.
266 2282 353 2334 senia
371 2265 429 2319 ind.
449 2265 614 2334 Hieronymi
628 2282 657 2333 p.
678 2267 741 2318 182.
773 2265 823 2319 boe
845 2281 913 2334 opus
935 2265 1056 2318 eminae
1076 2266 1160 2331 suisa
1221 2262 1222 2267 ’

142 2337 174 2390 de
205 2338 321 2391 bistonio
354 2337 574 2391 bibliothecarum
608 2335 721 2391 Graecis
747 2353 865 2404 proram
891 2352 948 2390 non
975 2337 1099 2402 animis,
1132 2335 1160 2389 be

140 2409 248 2464 ratione
276 2409 448 2462 bibliothecas
474 2408 639 2473 ordinandi,
672 2408 704 2461 de
735 2407 823 2461 variis
853 2407 996 2478 aeneribus
1026 2407 1161 2462 librorum

141 2479 330 2547 scribendique
349 2479 544 2544 instrumentis.
572 2480 643 2533 idun
662 2495 736 2533 anno
755 2475 853 2548 auolat
870 2479 926 2544 fere
944 2478 1098 2544 muscetum
1119 2484 1160 2543 est,

141 2552 174 2618 si,
189 2557 221 2604 ut
234 2550 340 2604 Ritscbi
353 2551 511 2618 suspicatur
529 2553 582 2620 (op.
597 2553 623 2616 3,
637 2551 710 2619 452),
724 2550 862 2620 uenenum
881 2550 1108 2604 bibliothecarum
1122 2550 1160 2604 tt-

138 2621 323 2693 9erendarune
338 2621 459 2676 Varroni
481 2629 507 2676 α’
523 2622 638 2677 Caesare
661 2621 756 2676 Mtum
782 2622 848 2690 (test.
865 2623 909 2688 13)
936 2637 1022 2676 eausa
1043 2621 1072 2674 ei
1095 2622 1161 2676 sosi-

142 2693 223 2747 bendi
239 2693 303 2760 fuit.
341 2694 394 2748 bue
411 2693 532 2761 wudnat
548 2694 584 2759 fr.
599 2697 662 2747 297.

629 2807 671 2865 53

208 2907 256 2965 lib.
280 2906 326 2966 II.
372 2905 652 2982 uectigaliorum

215 3004 294 3062 &aaa
306 3021 336 3073 p.
352 3008 414 3071 146,
428 3008 464 3058 32
484 3005 527 3074 (=
543 3004 617 3058 Ptin.
633 3003 696 3058 dub.
710 3019 786 3058 sum.
802 3021 833 3072 p.
847 3005 893 3068 22,
909 3002 996 3072 1513.)
1015 3001 1108 3056 Varro
1128 3004 1162 3058 de

141 3075 321 3131 bibliothecis
340 3075 366 3128 H
383 3089 559 3139 vuagauorum.

630 3190 670 3248 54

209 3289 350 3365 glutine
374 3290 409 3346 et
431 3289 524 3347 citro
547 3289 672 3347 reficit

214 3385 294 3440 aar.
301 3404 331 3455 p.
343 3390 389 3453 87,
398 3390 436 3441 22
445 3389 489 3455 (=
506 3387 580 3440 Ptin.
595 3387 659 3441 dub.
673 3403 750 3441 aun.
761 3403 791 3455 p.
803 3390 847 3452 54,
857 3387 944 3455 ΠΒ.)
958 3384 1162 3456 gluten-qua
1219 3361 1220 3364 Ἴ

142 3456 406 3511 declinationeusus
414 3456 588 3511 estetVarro
597 3458 631 3511 de
639 3455 821 3512 bibliothecis
829 3457 938 3511 dicens:
953 3469 1161 3521 glanae-nasis
1219 3459 1220 3480 ¹

143 3529 186 3582 est
208 3526 283 3580 enim
306 3527 403 3609 gluten
427 3530 460 3581 ut
483 3529 591 3584 stamen
614 3528 760 3582 subtemen
785 3529 813 3582 et
831 3527 903 3582 facit
920 3527 957 3582 ab
975 3528 1028 3582 hoo
1046 3525 1160 3597 glutine

143 3596 218 3668 (ut)
234 3599 352 3651 stamme
367 3598 533 3654 subtemine.
553 3600 601 3653 sed
616 3601 645 3653 et
658 3599 800 3668 glutinum
814 3600 844 3652 in
859 3599 963 3654 Scauro
977 3599 1025 3672 [fr.
1039 3597 1100 3671 80].
1120 3601 1160 3658 s'd.
