2504 3904
169 168 234 233 538
336 169 542 224 Grammaticus
562 169 662 224 celetis
681 171 844 240 Augustece
862 169 1019 240 fragments

168 363 400 419 SCRIPTORUM

239 476 263 526 5.
284 473 356 528 Suet.
371 474 404 529 de
422 491 535 544 prosum.
550 477 586 527 21
607 472 635 527 O.
650 473 780 526 Melissus
796 505 829 513 —
845 473 914 528 fecit
933 476 961 528 et
978 491 1074 529 novum
1090 487 1158 541 genus

166 545 366 612 togatorum
390 545 591 612 inscripsitque
614 544 802 599 trabeatus.
842 545 919 601 Ouid.
939 563 972 600 es
990 547 1021 601 P.
1040 549 1063 610 4,
1081 546 1159 610 16,2l

167 631 303 683 musaque
323 615 443 669 [limeni
461 616 579 685 tragicis
598 615 696 670 innixe
715 616 873 683 cothurnis3
884 617 898 688 )
911 619 940 672 et
958 619 1007 670 tue
1024 634 1084 671 cum
1100 629 1161 668 sous

167 703 263 752 muse,
286 686 413 755 Melisse,
436 687 500 741 levi.
538 689 668 743 Ps-Acro
687 689 756 742 Hor.
777 688 839 742 ΑΡ
854 693 911 742 288
934 689 1123 757 praetextus
1143 687 1162 738 et

167 759 307 827 tegetes
329 758 502 827 scripserunt
515 758 612 812 Aelius
626 759 733 826 Lemie,
748 759 888 812 Antonius
902 759 1000 828 Rufus,
1020 759 1107 814 Gneus
1121 757 1163 810 lle

168 829 262 895 fissus,
281 829 414 884 Afranius
434 828 595 901 [Africanus
614 830 713 901 eodd.],
731 830 912 899 Pomponius.

240 923 264 972 6.
284 919 357 973 Suet.
382 919 449 972 ibid.
474 922 572 986 etque,
591 923 624 972 ut
647 919 708 987 ipse
732 919 836 986 trudit,
861 920 1063 990 sexagesimum
1084 918 1167 972 eetslis

167 1005 272 1042 cunum
287 1005 373 1060 egens
391 989 503 1044 libellos
523 991 744 1058 ineptiarum,
765 991 814 1058 qui
828 1009 903 1044 nunc
921 991 1073 1046 iocorum
1088 989 1169 1044 inscri-

166 1061 280 1127 buntur,
301 1077 465 1130 componere
484 1062 610 1116 instituit
629 1061 841 1130 absolvitqueG
861 1065 889 1117 et
905 1063 935 1127 L,
956 1062 1057 1132 quibus
1071 1065 1099 1116 et
1115 1061 1170 1114 elios

168 1131 270 1186 diversi
290 1133 383 1201 operis
406 1135 506 1202 postes
529 1132 649 1186 eddidit.
687 1135 719 1187 de
737 1135 834 1188 horum
858 1135 1011 1189 libellorum
1029 1134 1172 1205 frupuieuttl

167 1203 210 1257 uel.
226 1204 383 1271 Buecheler,
403 1205 455 1258 Ru.
476 1207 552 1260 Mus.
573 1209 694 1274 54‚1sq.
725 1206 845 1260 Muueer
864 1207 880 1260 l.
900 1222 921 1259 e.
939 1223 968 1274 p.
988 1210 1045 1260 358
1053 1223 1090 1276 sq.

241 1296 265 1346 7.
284 1293 357 1348 Seru.
377 1293 445 1348 Asu.
467 1298 492 1361 7,
513 1298 549 1348 66
571 1293 701 1347 Melissus
725 1293 774 1361 qui
799 1294 984 1364 deepibus
1005 1293 1115 1363 scripsit
1145 1293 1170 1358 es.

168 1365 247 1430 iufra
262 1367 352 1434 praefi
373 1366 410 1418 ud
428 1366 528 1436 frepus.

238 1458 264 1507 8.
286 1455 417 1509 Melissus
430 1462 527 1510 auctor
541 1473 559 1508 u
574 1455 669 1510 Pliuio
683 1461 838 1523 usiupetur
851 1456 883 1508 iu
897 1455 955 1509 iud.
971 1473 1000 1508 u.
1014 1455 1039 1508 t.
1056 1455 1114 1509 libr.
1130 1453 1174 1507 Vll

169 1525 266 1595 (toruo)
285 1526 334 1580 IX
352 1528 500 1594 (uuimulie
522 1529 643 1580 merium
666 1527 791 1581 amulum
813 1523 1036 1598 stupentemque)
1055 1527 1086 1579 X
1106 1527 1173 1593 (aces)

169 1597 218 1651 XI
236 1597 357 1666 (insecta)
378 1598 501 1652 XXXV
513 1600 653 1667 (pisteuo).

240 1793 273 1846 ee
293 1795 402 1849 Messe
415 1795 556 1850 suessa
570 1796 604 1861 ef.
621 1779 748 1860 eiecere,
758 1795 861 1864 posey.
877 1794 915 1848 ae
930 1795 1007 1864 resp.
1022 1811 1051 1863 p.
1066 1798 1109 1848 ss.
1123 1795 1174 1846 122.

171 1865 291 1919 Mutueer
309 1865 326 1918 l.
346 1882 367 1919 c.
384 1881 413 1934 p.
434 1869 536 1936 358sq.

513 2046 548 2110 Β.
574 2043 848 2110 FRAGMENTA

241 2201 302 2239 cum
328 2187 459 2240 Melissus
483 2187 592 2255 aliquid
617 2187 650 2240 de
674 2187 793 2256 Vespillo
818 2185 966 2240 tradiderit
992 2188 1037 2254 (fr.
1059 2189 1093 2254 1),
1116 2181 1173 2253 quod
1220 2215 1221 2220 =

169 2273 236 2310 seue
262 2259 344 2311 libros
369 2259 539 2324 iuepticrum
560 2274 676 2326 prorsus
700 2274 757 2312 uou
782 2257 888 2311 dedecet
913 2257 1046 2324 (Mumeer
1066 2275 1095 2327 p.
1113 2256 1172 2322 359),

171 2329 271 2382 librum
294 2328 327 2382 de
350 2329 469 2399 Vespilio
492 2347 553 2383 eum
575 2331 714 2399 sumpsisse
735 2329 873 2396 suspicari
896 2329 1048 2382 absurdum
1070 2345 1123 2383 uou
1138 2329 1172 2388 est,

171 2417 248 2468 quem
274 2407 299 2454 et
324 2405 380 2454 test.
402 2404 419 2453 7
445 2402 535 2469 (aliter
562 2400 707 2466 Glieleuer,
736 2400 789 2453 Ru.
815 2401 890 2454 Mus.
916 2402 1044 2468 33,159)
1070 2406 1095 2454 et
1115 2399 1172 2466 fel

170 2472 320 2541 respiciunt
342 2472 386 2540 (cf.
407 2472 532 2538 Hordei,
557 2473 601 2526 die
624 2472 737 2542 Fraym.
758 2473 783 2525 d.
805 2471 955 2526 Maecenas
968 2489 999 2540 p.
1018 2473 1081 2542 21).·
1102 2467 1171 2526 Servii

170 2548 238 2596 certe
254 2544 380 2597 Melissos
394 2545 512 2597 diuersos
526 2546 598 2597 iuter
615 2560 643 2598 se
656 2559 713 2596 uou
727 2559 781 2596 esse
796 2559 960 2610 persuasum
978 2543 1071 2597 habeo.
1098 2549 1170 2596 urum
1220 2549 1221 2590 l

171 2617 202 2667 iu
227 2615 262 2679 fr,
283 2619 300 2668 3
320 2616 451 2669 Melissus
477 2632 515 2667 au
540 2616 682 2669 Modestus
705 2614 821 2684 Vespilii
851 2616 985 2681 interpres
1003 2631 1043 2668 cu
1064 2615 1171 2669 Milesius

171 2686 285 2755 quidam
307 2689 339 2740 iu
365 2686 512 2740 ‘Milestos’
539 2688 649 2740 uomiue
672 2688 768 2751 lateat,
791 2685 988 2753 iueoutpertum
1010 2692 1058 2739 est.
1085 2687 1169 2752 reliqu

170 2759 327 2827 frupmeutu
345 2760 446 2827 (isqq.)
465 2760 546 2828 culpo
560 2759 641 2812 Aelio
657 2757 769 2811 Melisso
789 2755 868 2824 (Gell.
884 2760 927 2821 18,
947 2759 974 2825 6)
994 2758 1081 2810 tridui
1096 2757 1169 2814 soled,
1220 2745 1221 2790 l

171 2846 240 2898 quae
265 2845 308 2884 res
332 2830 392 2883 ideo
417 2830 573 2884 uuisimilis
598 2845 652 2884 esse
675 2829 814 2894 uideatur,
847 2828 920 2896 quod
938 2829 1037 2882 Aelius
1060 2829 1169 2883 Melissus

172 2899 252 2970 (Geli.
272 2901 349 2970 ibid.)
373 2907 397 2955 et
420 2900 551 2955 Melissus
576 2900 698 2955 timuisti
722 2906 818 2954 auctor
843 2901 888 2967 (se.
908 2903 936 2967 4)
960 2902 1074 2954 uuicos
1092 2904 1168 2967 poelli

171 2971 293 3037 afferunt
311 2974 441 3042 (Muueer
456 2988 485 3040 p.
505 2974 569 3041 369)
576 2994 586 3038 ;
605 2979 635 3026 ct
654 2972 784 3026 Melissus
809 2971 903 3024 Verrio
922 2987 940 3023 a
960 2971 1085 3025 Olearisio
1105 2981 1168 3044 eppe
1220 3007 1221 3032 ,

171 3045 241 3097 situs
264 3045 309 3112 (fr.
329 3046 356 3113 4)
380 3047 438 3097 eius
460 3045 583 3112 aequalis
608 3044 751 3097 habebitur
773 3043 873 3096 rectius
892 3041 934 3110 (de
955 3041 1112 3098 Charisiuui
1131 3041 1165 3092 lou

173 3121 283 3168 auctore
300 3117 335 3181 ef.
356 3115 393 3168 cd
410 3116 446 3181 fr.
466 3119 483 3167 4
502 3121 526 3168 et
544 3115 626 3181 Beels,
647 3115 746 3169 Philet.
766 3117 811 3178 52,
831 3115 902 3181 510).

670 3267 687 3320 1

238 3381 271 3438 in
289 3400 422 3442 sermone
435 3386 640 3446 tardissimum
659 3405 693 3444 ec
711 3405 805 3461 paene
819 3386 940 3445 indocto
957 3387 1084 3446 similem
1098 3380 1164 3465 [Ver
1220 3383 1221 3462 )

169 3461 287 3543 pilium]
311 3470 401 3527 fuisse
425 3471 561 3532 Melissus
584 3474 719 3532 tradidit.

243 3559 315 3613 Suet.
334 3567 390 3616 rell.
406 3584 435 3632 p.
456 3572 491 3620 58
511 3570 545 3622 R.
564 3584 589 3624 iu
603 3596 703 3626 sermons
717 3603 744 3611 -
757 3587 857 3626 tradidit.
