2442 3902
426 178 463 231 M.
483 177 592 230 Tullius
611 177 676 232 Tiro
997 177 1062 242 393

48 355 112 392 num
130 366 164 385 =
184 341 301 394 Hieram.
328 341 364 394 ad
389 357 415 394 a.
441 341 510 394 Abr.
528 344 603 394 2019
629 338 712 407 (Suet.
738 341 797 394 reli.
817 339 987 408 513615),
1015 340 1064 408 qai

48 412 144 465 rectius
169 412 279 481 scripsit
307 411 485 466 ‘commentae
508 411 571 466 eet’.
610 410 664 465 Cio.
689 410 727 464 ad
750 411 808 465 Aa.
828 415 872 477 13,
885 414 968 478 25,3
997 427 1063 481 ergo

49 498 83 534 ne
105 481 200 536 Tironi
223 483 338 550 quidem
363 481 480 549 dicium,
503 482 552 550 qui
574 484 649 536 55555
672 481 807 554 περιοχὰς
828 482 959 550 persequi
983 481 1062 537 selei.

50 553 82 618 af.
105 554 182 608 Piae.
207 555 276 609 Caio
302 556 348 607 mi.
371 557 415 609 23.
452 553 512 608 Sem.
536 570 577 622 ep.
601 558 645 608 91.
678 555 783 608 Ieidom'
806 554 892 608 loomm
913 554 1065 608 illustravit

54 624 165 692 Traube,
183 625 266 680 Area.
280 626 301 693 f.
316 625 437 695 diamur.
453 627 488 678 53
503 627 596 693 (1901)
610 643 640 695 p.
656 628 753 694 wisa.
772 625 807 691 ef.
826 627 908 680 eiiam
921 642 1009 694 eapra
1026 626 1065 680 ad

52 696 176 750 Eamiam
190 713 220 765 p.
231 700 255 751 4.
284 703 364 750 motae
375 697 544 750 Tironiaaae
558 713 627 765 qaae
641 704 774 751 vocamur
787 697 894 766 eolleyit
907 697 1065 752 Wdehmite

51 768 129 836 (Iar.
144 769 233 838 1903).

121 852 163 902 19.
186 848 251 903 Tiro
269 854 364 902 auctor
381 853 603 902 commemoratur
621 865 639 900 a
658 849 753 903 Piimio
771 865 799 902 a.
814 849 839 902 5.
855 853 880 915 1,
894 853 920 904 2.

120 932 164 982 20.
184 929 249 983 iibri
266 927 448 998 yrammatioi,
466 943 581 995 quaram
594 929 751 998 frayaeemta
764 933 880 994 55555555,
899 929 978 996 iafra
992 935 1065 983 sami.

121 1143 252 1210 reliquiae
269 1143 464 1212 yrammaiieae
481 1159 515 1197 ea
533 1148 614 1211 parte
633 1143 691 1197 eali.
711 1144 812 1215 Eyyer,
837 1144 901 1197 Lat.
919 1159 996 1197 serm.
1015 1149 1066 1198 aa.

56 1214 109 1267 reli.
126 1215 171 1268 eei.
190 1214 286 1282 (Paria
305 1215 387 1281 1843)
401 1231 432 1283 p.
449 1217 528 1283 ddsq.
560 1214 595 1279 os.
616 1214 732 1280 ALiom,
756 1215 910 1268 Tiroaiaaa
929 1214 1068 1283 (Seebodee

57 1286 134 1338 Arei.
149 1291 172 1339 1.
193 1288 267 1339 1824
280 1302 310 1354 p.
325 1287 441 1353 94655).
479 1285 592 1352 Prosop,
611 1287 676 1354 imp.
696 1287 775 1340 Rom.
791 1289 816 1351 3,
832 1287 967 1357 341J282.

394 1536 429 1600 B.
454 1535 728 1603 FRAGMENTA

360 1710 549 1766 CICERONIS
568 1712 758 1767 LIBRORUM

471 1855 653 1910 EDITIONIS

128 1981 159 2034 de
177 1981 294 2035 editione
308 1983 464 2036 oratiommm
483 1983 518 2048 ef.
533 1982 758 2047 PHiidebraadt,
777 1982 809 2036 de
823 1983 932 2037 scholiis
948 1982 1002 2037 Oia.
1013 1983 1069 2036 Bo-

65 2049 138 2105 imm.
157 2053 267 2120 (Berlin
281 2055 365 2121 1894)
384 2056 519 2121 51455)
540 2052 688 2118 Laurum,
707 2053 782 2106 Beri.
797 2054 868 2122 phil.
889 2054 979 2108 Woeh.
996 2057 1070 2107 1895

63 2137 87 2188 p.
102 2126 192 2191 55155.
230 2124 349 2177 maedam
370 2126 412 2178 rei
434 2124 569 2178 iadieimm
593 2125 722 2178 habemas
747 2125 779 2176 ia
801 2125 909 2179 daabms
933 2125 1069 2194 emiseram·

65 2193 187 2260 55555555,
210 2211 280 2263 qaae
298 2212 332 2248 ea
354 2195 532 2250 uetustissimo
555 2197 705 2264 mamma·
727 2197 863 2263 easaripta
882 2198 913 2248 im
931 2196 1071 2250 eodioibme

67 2267 243 2331 reperiamur:
270 2265 398 2320 Statilius
417 2265 556 2320 Maximus
578 2285 689 2320 rursum
712 2267 857 2320 emendavi
876 2267 912 2320 ad
931 2266 1071 2335 Tyronem

68 2336 93 2388 55
112 2335 313 2392 Laetanianum
336 2339 365 2390 55
388 2339 461 2392 dom.
486 2341 514 2392 55
538 2338 607 2392 aiios
632 2340 747 2391 veteres.
785 2338 824 2392 III
846 2339 936 2392 oratio
960 2338 1070 2392 eximia.

67 2412 98 2459 et:
116 2408 259 2462 emendavi
278 2409 314 2461 ad
328 2408 467 2476 Tyronem
486 2411 515 2464 55
532 2409 746 2464 Laecanianum.
781 2412 846 2464 5555
863 2410 924 2478 ipso
939 2407 1071 2463 Cicerone

68 2479 93 2529 55
117 2479 235 2533 Antonio
269 2496 357 2534 eones.
386 2481 476 2534 oratio
504 2480 613 2535 XXHII.
664 2481 698 2547 ef.
726 2481 816 2546 Jahm,
842 2482 906 2536 Ber.
934 2481 959 2534 d.
985 2482 1071 2535 sdohe.

71 2548 123 2603 Ges.
146 2552 171 2605 d.
195 2552 275 2606 Wiee.
301 2555 372 2605 1851
397 2569 428 2622 p.
448 2556 518 2618 329;
551 2554 694 2623 Kiessiimy,
719 2554 828 2607 conieci.
852 2554 873 2605 I
897 2553 965 2621 (ma.
991 2553 1071 2607 schol.

71 2619 212 2690 Gryphium.
232 2626 315 2692 1883)
329 2640 359 2691 p.
376 2628 408 2689 6;
426 2640 512 2693 sopra
532 2626 689 2692 Lampadio
707 2631 764 2679 teet.
783 2629 808 2678 4.

398 2761 416 2817 1
442 2750 532 2834 [deest
554 2776 601 2830 ap.
621 2752 732 2838 Eyyer]

128 2862 286 2922 homines
322 2867 447 2922 tenues
480 2863 629 2924 obscuro
662 2866 740 2926 loeo
772 2866 851 2924 nati
882 2864 1073 2940 navigant,

73 2951 194 3011 adeunt
218 2953 261 3010 ad
284 2972 323 3011 ea
345 2953 424 3011 laea
448 2973 536 3028 quae
558 2973 749 3030 numquam
773 2958 878 3013 antea
898 2953 1072 3012 adierant.

71 3057 173 3116 neque
196 3042 273 3101 noii
298 3059 373 3102 esse
395 3044 456 3116 iis,
485 3040 765 3118 quo'veneruni,
795 3062 907 3118 neque
936 3061 1074 3116 semper

71 3145 137 3188 eum
167 3131 418 3208 oogniioribus
451 3150 527 3191 esse
559 3135 724 3208 possunt,
758 3133 823 3191 hae
855 3151 928 3193 una.
954 3134 1074 3189 temen

72 3217 202 3278 fiducia
233 3220 400 3279 eiviiaiis
433 3241 501 3279 non
530 3222 632 3279 modo
663 3222 754 3296 apud
786 3224 929 3297 nostros
961 3221 1099 3297 magi-e

73 3307 213 3384 stratus,
246 3311 307 3385 qui
335 3314 369 3368 55
396 3311 514 3387 legum
538 3312 572 3368 55
595 3311 880 3369 existimationis
911 3309 1073 3384 periculo

74 3398 307 3474 eontinentur,
341 3418 454 3474 neque
487 3400 578 3475 apud
611 3400 707 3459 aives
741 3399 853 3459 solum
883 3399 1074 3471 RomanOS,

76 3485 130 3560 qui
146 3489 179 3546 55
196 3491 370 3548 sermonis
390 3492 424 3546 55
441 3488 532 3547 iuris
552 3495 586 3547 55
604 3490 796 3548 multarum
821 3507 938 3545 rerum
961 3488 1074 3544 socie·

76 3575 142 3633 5555
169 3578 283 3636 iuneti
315 3580 411 3652 sunt,
444 3578 519 3636 fore
548 3595 582 3636 se
611 3579 710 3635 iuius
740 3576 982 3648 arbitrantur,
1015 3574 1075 3632 sed
