2504 3904
418 202 455 256 Μ.
475 203 614 256 Antistius
633 202 726 257 Labeo
1013 204 1079 268 559

69 364 100 430 cs.
115 365 194 418 Paul.
210 381 240 432 p.
255 367 377 429 248,15.
408 363 496 418 Varro
513 363 545 418 dc
564 364 626 418 11).
643 366 743 430 5‚143.
773 365 835 418 Lio.
852 368 876 431 1,
891 368 935 430 44,
949 369 974 420 3.
1003 366 1079 420 Pzat.

69 435 142 490 Rern.
162 438 204 488 11.
245 434 433 501 Gezl.13,14.
475 436 564 489 Prisc.
583 435 640 487 ΙΙΙ
661 439 724 502 475,
739 439 764 489 9.
802 436 887 490 Schol.
914 437 945 491 ia
970 437 1079 492 Lucan.

69 510 92 572 1,
106 509 164 560 594.
203 505 279 561 OGL
292 506 340 560 IV
358 510 419 572 554,
435 510 478 559 36.
500 509 543 560 37.
577 507 604 560 V
618 510 682 573 380,
698 510 741 560 12.

135 619 197 683 1sq.
218 614 333 667 mnas
352 615 422 681 ccpl.
442 613 512 667 Scal.
537 614 594 668 Urs.
618 611 722 668 OMue.
776 612 952 682 posimirium
971 615 1081 670 Paulus

68 690 83 737 4
102 683 206 738 dictum
225 687 282 738 aut.
301 700 375 752 pom.
393 685 492 753 scripsi
510 701 543 739 ec
562 686 653 738 Paulo
671 683 713 737 ita
731 700 805 754 pom.
826 686 869 738 est
889 683 994 740 OMuc.

239 878 288 933 EX
310 878 427 933 LIBRIS
445 879 496 932 AD
515 879 680 934 EDICTUM
698 878 901 934 PRAETORIS

134 1021 202 1073 quoe
227 1005 261 1058 ab
289 1004 409 1073 UIps'um
435 1021 468 1059 ac
496 1006 574 1059 latrat
598 1005 646 1062 Ad
673 1005 790 1060 edictum
812 1008 951 1074 praetoris
977 1010 1082 1062 urbam

65 1091 182 1145 quaeque
199 1092 233 1130 cc
251 1076 329 1130 latria
342 1076 390 1129 Ad
405 1077 546 1146 perecrini
563 1076 720 1143 afferuntur
734 1077 772 1131 ud
787 1077 858 1131 idem
872 1094 941 1148 opus
958 1079 1031 1134 duas
1049 1081 1081 1135 ira

60 1153 153 1215 parics
167 1147 285 1201 dicdum
294 1149 432 1216 pertinere
449 1149 595 1202 onssimilc
609 1153 647 1202 est
660 1148 704 1216 (cs.
720 1149 835 1203 Pernicc
844 1166 875 1217 p.
890 1151 945 1218 59),
963 1150 995 1204 id
1008 1151 1081 1220 quod

64 1219 206 1286 inscriptio
231 1219 293 1288 praa
314 1218 399 1274 (aella
423 1219 469 1287 (fr.
491 1221 518 1288 7)
541 1219 692 1285 confimat.
729 1221 793 1274 hirc
815 1221 926 1286 flandae
949 1222 1080 1276 uideatur

522 1391 543 1446 7
567 1381 617 1467 [2]

129 1502 148 1560 l.
163 1501 221 1562 IV.
264 1520 363 1561 soror
386 1503 575 1579 appellata
598 1503 766 1581 estquod
790 1506 894 1580 quasi
916 1523 1079 1565 seorsum

63 1591 228 1650 nascitur
257 1593 523 1668 separaturque
552 1592 593 1651 ab
622 1612 661 1652 ea
689 1593 803 1667 domo,
833 1595 869 1652 in
897 1614 965 1671 qua
992 1598 1080 1656 nata

63 1683 130 1755 est,
154 1681 248 1739 etin
271 1681 380 1740 aliam
403 1681 586 1739 familiam
609 1682 888 1760 transgreditur.

138 1779 205 1834 Gen.
221 1783 324 1846 13,10,
343 1784 361 1833 3
378 1783 525 1848 praeterea
543 1779 573 1833 in
591 1780 680 1847 libris,
700 1798 769 1849 quos
793 1783 830 1835 ad
848 1782 985 1850 praetoris
1004 1783 1079 1839 edic·

62 1853 123 1904 turn
143 1850 262 1919 scripsit,
281 1850 371 1905 multa
389 1852 484 1920 posuit
501 1851 605 1920 partim
624 1851 719 1922 lepide
738 1857 823 1922 atque
842 1856 939 1923 argute
957 1858 1078 1923 reperta.

63 1922 148 1976 sicuti
166 1921 219 1977 hoc
241 1925 296 1988 est,
319 1923 396 1991 quod
418 1922 449 1976 in
472 1927 572 1991 quarto
596 1923 632 1977 ad
651 1924 775 1978 edictum
794 1924 866 1978 libro
885 1925 1021 1993 scriptum
1040 1926 1080 1980 le-

61 1993 1079 2136 1113εεῑεῑ1111111111138811183318

331 2261 379 2315 EX
398 2261 681 2317 POSTERIORIBUS
700 2260 816 2317 LIBRIS

137 2386 356 2453 Gclz.13‚10,2
374 2390 439 2441 sunt
458 2386 528 2440 adeo
548 2386 614 2440 libri
632 2391 834 2455 postmortem
852 2389 912 2442 eius
926 2388 1078 2459 [Labeonis
1152 2398 1158 2410 '

61 2457 195 2528 Anicetis]
218 2457 301 2523 editi,
321 2457 370 2525 qui
388 2458 556 2527 posteriores
578 2459 778 2525 inscribuntur,
802 2477 921 2528 quorum
943 2460 1079 2515 librorum

60 2532 119 2582 tres
139 2528 274 2596 continui,
292 2527 450 2583 tricesimus
464 2533 578 2585 octavus
597 2534 626 2584 et
639 2531 797 2584 tricesimus
811 2549 901 2586 nonus
915 2535 944 2586 et
958 2533 1080 2600 quadra-

60 2600 200 2669 gesimus,
223 2599 301 2669 pleni
325 2603 391 2653 sunt
413 2601 444 2654 id
467 2618 556 2671 genus
577 2619 671 2656 rerum
695 2602 732 2655 ed
755 2604 942 2658 enarrandam
960 2608 988 2658 et
1006 2604 1080 2657 inlu-

60 2672 210 2726 strandam
227 2671 355 2740 linguam
373 2671 504 2726 Latinam
523 2674 747 2728 conducentium.
781 2675 813 2728 dc
830 2676 909 2729 verbo
925 2675 1078 2731 ‘enarrare'

58 2744 95 2810 cf.
115 2760 205 2812 aspra
223 2761 257 2798 cx
274 2744 327 2798 inc.
346 2745 399 2798 inc.
419 2745 480 2800 latr.
498 2747 534 2813 fr.
550 2749 567 2798 4
581 2763 611 2814 p.
631 2749 692 2800 414.

501 2898 522 2954 s
547 2890 640 2975 [169]

130 3011 149 3068 1.
171 3010 364 3071 XXXVIII.
409 3011 509 3072 Labeo
539 3012 616 3073 libro
643 3012 818 3091 trigensimo
849 3016 953 3073 octavo
981 3018 1080 3088 poste-

57 3102 177 3160 riorum
210 3099 378 3175 peculatum
414 3100 517 3160 definit
550 3103 693 3177 pecuniae
725 3101 861 3178 publicae
893 3103 947 3160 aut
978 3120 1080 3162 sacrae

57 3191 182 3248 furtum
208 3209 267 3249 non
297 3188 333 3247 ab
362 3209 397 3250 eo
425 3191 550 3266 factum,
581 3193 664 3250 cuius
691 3191 824 3266 periculo
852 3191 924 3264 fuit,
954 3193 985 3250 et
1011 3191 1079 3249 ideo

57 3278 219 3337 aedituum
241 3280 273 3336 in
296 3280 352 3354 his,
376 3298 452 3356 quae
471 3280 497 3338 ei
521 3280 634 3338 tradita
654 3281 732 3354 sunt,
755 3280 927 3356 peculatum
949 3298 1010 3338 non
1029 3281 1080 3338 ad-

55 3369 192 3426 mittere.

134 3467 425 3538 Β19.48,13,11,2
449 3465 554 3521 Paulus
576 3466 649 3520 libro
674 3467 810 3536 singulari
834 3468 869 3520 de
893 3465 1006 3522 iudiciis
1029 3484 1080 3535 pu·

55 3537 155 3592 blicis.
170 3571 197 3578 -
210 3552 286 3594 Labeo
300 3571 327 3578 -
340 3553 462 3594 admisero.
485 3541 548 3594 item
560 3539 632 3592 Fert.
643 3556 673 3607 p.
687 3543 770 3606 213a,
780 3544 825 3593 18.
851 3538 886 3606 cf.
897 3556 928 3608 p.
942 3541 1026 3605 237a,
1037 3541 1080 3592 13.

54 3611 145 3666 Paul.
163 3629 193 3680 p.
214 3614 314 3679 75,11.
