2444 3902
156 169 221 233 216
304 168 510 223 Grammatioae
530 169 633 224 aetatis
652 168 844 224 varronianae
862 161 1022 237 fragmenta

155 329 191 382 ab
205 329 254 383 boo
267 345 345 398 opere
363 329 457 383 aliem
470 345 527 383 oon
540 335 606 383 sunt
624 329 670 397 (ef.
686 328 751 395 Leo,
766 330 881 383 Hermes
895 331 940 381 39.
956 331 1060 396 1904p.
1070 331 1146 394 ltro),

156 405 247 454 tamn
271 401 353 454 etiam
377 403 410 454 ia
434 401 500 455 aliis
525 401 604 454 labris
628 417 682 455 esse
704 406 855 468 potaenmt
886 401 930 468 (of.
954 400 1042 468 praes.
1063 399 1096 454 ud
1117 397 1148 450 Dc

155 473 289 540 poemat).
326 473 425 526 cestus
443 473 495 526 buc
512 472 547 538 fr.
563 475 620 526 308
640 473 740 538 referre
754 474 852 540 poesia

640 625 685 680 70

223 729 317 787 libI.
363 747 440 787 oum
472 730 586 787 multa
617 730 789 804 portenta
821 729 956 787 fiarent
988 733 1022 787 et
1052 743 1148 785 murus

156 835 196 876 ao
226 819 357 891 turris,'
387 836 477 893 quae
509 821 593 876 sunt
624 819 721 877 inter
752 820 894 892 portam
927 816 1101 878 Collinam
1126 819 1150 873 el

156 906 397 982 Esquilinam,
428 907 468 964 de
491 908 591 965 eaelo
618 910 717 966 taeta
745 911 865 966 essent
888 909 923 964 et
950 907 1031 966 ideo
1057 906 1150 964 libros

157 995 358 1070 Sibyllinos
377 995 432 1054 XV
450 996 521 1055 viri
542 995 716 1070 adissent,
740 998 1000 1055 renuntiarunt
1021 998 1075 1053 uti
1091 993 1151 1052 Diti

128 1084 255 1160 spatri
292 1087 326 1142 et
362 1083 602 1159 Proserpinae
638 1086 715 1143 ludi
749 1085 941 1143 Tarentini
976 1086 1014 1143 in
1050 1100 1151 1158 eampo

155 1173 287 1232 Martio
317 1174 453 1232 fierent
481 1174 600 1232 tribus
623 1173 791 1233 noctibus
817 1177 852 1232 et
874 1174 1018 1233 hostiae
1047 1174 1152 1231 furvae

154 1263 438 1335 immolarentur,
461 1265 587 1338 utique
606 1263 684 1321 ludi
702 1265 898 1322 centesimo
922 1282 1063 1340 quoque
1080 1277 1152 1321 anno

154 1352 296 1410 fierent.

228 1442 335 1496 (leesor.
359 1442 385 1494 d.
410 1458 437 1494 n.
462 1445 507 1507 17,
528 1445 547 1495 8
572 1440 660 1495 Varro
689 1441 724 1494 de
752 1441 888 1495 soaeniois
917 1440 1073 1512 originibus
1097 1438 1153 1492 libro
1205 1429 1206 1446 ¹

155 1529 252 1637 puzzo)
264 1512 306 1566 ita
320 1512 457 1581 seriptum
470 1511 598 1580 reliquit:
617 1538 668 1566 eum
681 1527 787 1566 muru—
796 1527 881 1566 flamna
899 1512 933 1578 of.
951 1513 1090 1567 Gulosus
1102 1510 1154 1564 ibid

151 1601 181 1652 p.
256 1601 295 1652 sq.

228 1678 241 1725 1
261 1689 355 1726 muro·
370 1673 457 1727 uase.
476 1637 551 1727 roas
609 1674 736 1726 aurora
752 1674 837 1726 Varo,
857 1674 894 1727 se.
955 1679 981 1726 4.
1001 1671 1060 1726 xv.
1079 1672 1154 1727 dolu-

154 1741 213 1798 XII.
239 1745 324 1799 Vats'o.
344 1745 382 1798 id.
402 1751 427 1797 et
445 1745 540 1798 leuitt.
559 1743 708 1798 duodecim
733 1745 818 1799 Vatia.
839 1747 913 1798 4498
932 1744 957 1798 X
977 1745 1123 1799 Momm

643 1897 683 1952 71

222 2002 240 2060 l.
259 2002 286 2059 I.
331 2004 465 2060 matres
488 2001 651 2060 familiae

228 2099 309 2154 Odor.
324 2118 355 2169 p.
375 2104 437 2166 107,
455 2103 493 2153 23
516 2103 560 2168 (=
579 2101 656 2154 Plio.
676 2101 739 2156 dub.
759 2117 836 2155 serra.
852 2118 881 2169 p.
902 2105 929 2167 3,
943 2101 1032 2169 1613.)
1055 2103 1084 2154 et
1105 2099 1155 2151 ideo

154 2171 242 2225 etiam
260 2189 342 2226 matres
360 2185 376 2225 1.
394 2170 483 2225 Varro
502 2171 576 2224 dixit
594 2173 629 2224 de
648 2171 785 2226 soaeniois
804 2171 961 2242 originibus
980 2171 1078 2242 primo.

641 2324 685 2381 72

221 2429 239 2486 l.
259 2429 286 2486 I.
332 2427 395 2487 sub
419 2428 603 2486 Ruminali
626 2430 700 2487 fiou

228 2525 308 2582 orus
324 2543 354 2594 p.
375 2530 438 2591 127,
451 2530 490 2580 29
507 2529 552 2596 (==
572 2527 648 2580 Plio.
668 2527 731 2581 dub.
747 2544 824 2582 serm.
841 2544 870 2596 p.
887 2529 1036 2596 17,1313.)
1056 2527 1120 2580 licus
1131 2551 1155 2563 ν
1172 2529 1178 2548 “

153 2597 245 2739 {aggo
258 2613 374 2723 ἓὲοᾳυο
394 2598 429 2651 de
448 2597 584 2652 soaeniois
603 2598 761 2668 originibus
779 2597 853 2653 libro
871 2597 884 2650 Ι
902 2614 943 2653 suu
958 2613 984 2652 a
999 2613 1014 2652 1.
1033 2600 1068 2665 ef.
1088 2597 1155 2650 oso.

644 2804 685 2860 73

222 2910 240 2966 l.
264 2909 310 2968 ΙΙ.
357 2928 375 2966 a
399 2906 551 2966 Claudio
574 2908 728 2968 Pulohro
752 2908 870 2968 aedile
894 2901 935 2986 [a.
962 2903 1091 2988 665f99]

227 3007 308 3063 olor.
323 3024 353 3075 p.
375 3011 487 3073 120,17
514 3009 559 3075 (=
574 3008 650 3062 Plio.
669 3008 732 3062 dub.
752 3023 829 3062 sem.
844 3025 874 3076 p.
893 3013 919 3072 8,
935 3009 1004 3076 θΒ.)
1028 3006 1117 3062 aedile
1131 3031 1154 3042 -

154 3078 243 3132 Varro
267 3078 303 3133 de
326 3077 482 3146 originibus
506 3078 642 3132 soaeniois
660 3078 685 3131 ll
708 3104 722 3132 s
740 3091 771 3132 or
786 3093 809 3132 Ρ.
824 3093 874 3132 aaa.
895 3079 955 3134 Vol.
976 3080 1057 3134 Max.
1072 3083 1099 3144 2,
1111 3075 1155 3141 l,⁶

155 3149 325 3204 Ol.Puloher
343 3166 474 3204 scaenam
491 3149 628 3203 varietate
647 3149 771 3203 oolorum
791 3149 977 3216 adumbravit,
997 3151 1092 3204 vaouis
1105 3147 1155 3202 ante

154 3222 266 3290 pictura
284 3220 388 3274 tabulis
407 3222 558 3274 extentam.
578 3222 611 3275 de
626 3221 744 3276 Claudio
758 3222 793 3288 os.
809 3221 924 3287 iliacis,
943 3221 1056 3292 Parere.
1073 3240 1100 3290 p.
1114 3219 1156 3270 320

155 3294 221 3346 adu.
236 3300 261 3346 et
278 3298 374 3347 eontra
385 3293 488 3348 Oiebor.
503 3293 570 3347 ibid.
583 3311 612 3360 p.
623 3295 720 3362 422sq.
737 3295 871 3347 Mueuser
884 3294 950 3347 ibid.
963 3310 991 3361 p.
1003 3299 1055 3348 145
1070 3293 1126 3346 udo.
1139 3289 1154 3338 l·

643 3446 683 3501 74

223 3547 241 3602 l.
264 3547 331 3603 ΙΙΙ.
372 3550 504 3606 matres
527 3548 691 3608 familiae
