2444 3902
156 199 222 264 234
303 197 511 253 Grammatioae
531 198 634 252 aetatis
653 191 845 252 varronianae
864 196 1023 268 fragmenta

155 385 229 426 vasa
255 369 321 443 quis
350 365 488 426 dubitet?
543 368 774 426 commutatione
803 385 875 444 ergo
904 365 1073 425 litterarum
1104 382 1158 424 arus
1211 393 1212 396 ¹

117 518 119 522 ,
155 455 215 515 diei
237 460 368 533 coeptae,
390 459 425 515 nt
442 457 578 516 Valesios
602 459 632 514 et
655 456 761 516 Fusios
785 455 880 515 dictos
903 457 996 532 prius,
1019 471 1096 514 nune
1111 453 1158 511 Va·

128 546 244 604 elei-ios
267 548 298 604 et
319 545 426 606 Furios
450 544 516 604 diei.
825 599 827 604 .
1210 547 1212 611 j

229 644 352 699 Macron
369 647 395 710 3,
408 647 469 710 2‚e
489 642 577 696 Varro
597 642 756 696 divinarum
776 642 849 697 libro
868 642 967 710 quinto
988 642 1058 696 dicit
1081 666 1126 696 nu
1141 671 1158 680 -
1211 637 1212 682 ἶ

156 729 207 769 uon
240 715 313 770 Seru
328 716 405 769 Dua.
421 716 490 770 Aen.
505 719 531 780 4,
545 717 601 768 219
619 715 725 769 veteres
745 731 808 768 aras
828 731 891 768 aeas
910 713 1057 780 dicebant3
1074 714 1158 782 posto·

155 786 296 839 inmutata
318 785 415 840 littera
434 804 446 839 s
465 785 495 838 in
513 802 528 838 r
551 801 613 855 aras
633 785 776 855 dixerunt,
801 785 874 839 siout
892 784 1021 839 Valesios
1039 783 1159 844 Valerios
1211 839 1212 848 q

150 856 254 912 'Fusios
280 857 391 922 Furios,
417 858 492 928 quod
516 856 605 910 Varro
627 872 720 910 rerum
739 857 904 924 divinarum
926 856 957 910 in
980 855 1053 910 libro
1076 854 1159 924 quinto
1211 883 1212 890 κ

156 927 267 997 plenius
286 931 395 995 narret;
415 943 528 982 neeesse
547 928 622 983 enim
641 930 703 981 erat
722 944 784 982 aras
804 945 822 982 a
835 927 1060 983 sacrificantibus
1072 925 1160 988 teneri
1211 923 1212 936 ¹

157 999 232 1067 qnod
251 999 306 1053 nisi
324 999 412 1065 fieret,
431 999 486 1052 dlis
505 998 674 1053 sacrifieatio
692 1001 775 1068 grata
788 1015 844 1054 non
860 1001 941 1054 esset.
969 1000 1005 1066 ef.
1018 998 1160 1053 otidum

157 1076 183 1136 5,
197 1075 286 1197 2ἱ5444
310 1072 377 1198 ger.
393 1071 489 1126 Seaur.
503 1088 529 1140 p.
546 1075 589 1136 13,
605 1074 647 1124 13.
666 1074 711 1137 23,
728 1075 770 1125 16.
803 1070 876 1127 Sero.
892 1071 961 1125 Aen.
976 1073 1004 1136 2,
1019 1073 1080 1125 515.
1105 1066 1160 1122 Ieid.

156 1159 194 1206 or.
246 1183 295 1209 „
347 1184 353 1196 .

227 1235 245 1282 4
263 1232 293 1284 et
310 1229 409 1284 Fusios
429 1261 462 1270 -
477 1229 605 1284 Valerios
624 1245 675 1284 om.
695 1230 787 1284 Poris.

569 1365 634 1422 129
658 1356 761 1442 [deest]

198 1469 241 1527 l.
267 1469 364 1528 XIII.
394 1471 491 1528 Varro
514 1469 685 1528 divinarum
708 1467 783 1527 XIII
803 1469 848 1529 ita
880 1464 1063 1549 [amuletum]
1093 1469 1162 1538 dixit

157 1559 219 1618 sive
252 1577 270 1617 a
301 1558 462 1618 molliendo
494 1558 526 1616 id
554 1560 599 1618 eat
626 1557 816 1635 infringendo
844 1558 907 1616 vim
934 1559 1016 1633 mali,
1049 1559 1111 1618 sive
1135 1555 1164 1614 ab

158 1647 364 1707 aemulatione.

230 1737 310 1793 Olor.
323 1756 351 1806 p.
368 1743 429 1804 105,
444 1742 462 1791 9
479 1739 523 1806 (ε
533 1737 609 1791 Plio.
620 1738 684 1791 dub.
694 1754 771 1792 eerm.
782 1755 813 1806 p.
824 1741 868 1803 42,
875 1738 967 1807 2713.)
985 1735 1163 1806 φυλακτήρων

158 1810 233 1876 quod
252 1808 352 1862 Graeci
370 1807 528 1878 appellant,
548 1807 701 1862 amuletum
726 1807 886 1879 [amolitum
904 1808 975 1880 eod]
998 1807 1088 1863 latine
1106 1807 1164 1860 diei·

157 1897 227 1934 mus.
264 1896 331 1933 nam
349 1883 377 1934 et
396 1895 468 1934 Varro
482 1910 510 1920 -·
523 1894 679 1934 aemulatione.

230 1974 245 2021 2
266 1987 283 2023 a
300 1968 431 2023 molendo
450 1968 480 2021 id
500 1969 543 2022 est
561 1967 710 2022 inserendo
729 1985 784 2024 ene.
805 1970 897 2044 Poris.
914 1973 988 2024 7530

524 2121 589 2177 130
613 2112 670 2198 [99
694 2113 815 2199 Ayadd]

226 2227 244 2284 l.
268 2226 356 2284 XIV.
402 2228 439 2284 in
462 2244 530 2301 quo
553 2223 586 2283 L.
605 2225 731 2285 Aelius
754 2230 886 2300 noster,
908 2226 1049 2286 litteris
1074 2241 1165 2284 orna·

158 2316 322 2375 tissimus
337 2315 507 2373 memoria
521 2317 659 2388 nostre,
678 2315 816 2373 erravit
834 2315 1070 2390 aliquotiens.
1097 2331 1166 2372 nem

159 2404 302 2480 aliquot
314 2403 505 2463 verborum
519 2401 734 2462 Graecorum
748 2403 1010 2480 antiquiorum,
1024 2400 1165 2482 proinde

159 2498 267 2569 atque
283 2495 402 2552 essent
416 2495 564 2569 propria
578 2494 717 2565 nostra,
735 2492 898 2552 reddidit
912 2511 1038 2553 causas
1052 2493 1165 2552 falsas.

133 2602 228 2644 enon
246 2583 403 2658 leporem
422 2581 587 2654 dicimus,
610 2584 649 2640 ut
668 2583 733 2656 ait,
756 2582 849 2658 quod
869 2583 924 2641 est
941 2581 1095 2658 levipes,
1114 2576 1168 2639 sed

161 2670 253 2748 quod
290 2674 344 2730 est
380 2670 593 2730 vocabulum
629 2671 792 2729 anticum
825 2669 1005 2730 Graeoum.
1063 2669 1167 2729 multe

160 2763 284 2820 vetere
301 2761 448 2819 illorum
467 2759 693 2838 ignorantur,
712 2759 806 2835 quod
824 2779 888 2835 pro
905 2759 960 2819 hia
981 2759 1067 2818 aliis
1085 2774 1167 2817 nune

160 2849 349 2909 vocabulis
373 2852 542 2924 utuntnr3
566 2852 601 2908 et
618 2848 766 2907 illorum
786 2867 863 2908 esse
886 2849 1054 2926 plerique
1076 2847 1167 2926 igno·

159 2942 241 2998 rent
264 2937 452 3013 Graecum,
483 2937 576 3014 quod
599 2956 690 2998 nuno
713 2931 1086 3015 nominant‘'Ellqvu‚
1112 2953 1165 3012 pn·

121 3050 147 3090 ιο
160 3031 268 3102 teum,
296 3027 389 3103 quod
412 3032 542 3086 vocant
566 3023 692 3106 φρέαρ,
719 3027 891 3103 leporem,
922 3026 1015 3102 quod
1039 3023 1165 3107 λαγωὸν

161 3117 292 3176 dieunt.
339 3117 375 3174 in
398 3136 465 3191 quo
494 3135 562 3175 non
589 3115 689 3174 modo
713 3115 746 3174 L.
770 3115 868 3173 Aelii
895 3116 1081 3194 ingenium
1106 3130 1166 3173 nou

160 3205 395 3284 reprehendo,
414 3205 473 3280 sed
492 3205 712 3264 industriam
729 3203 850 3281 laud03
869 3223 1072 3265 snooessum
1086 3202 1164 3264 enim

160 3291 274 3372 (fert)
297 3296 460 3366 fortuna,
483 3295 744 3370 experientiam
768 3295 847 3352 laus
871 3296 1044 3369 sequitur.

235 3393 302 3446 Geli.
319 3395 432 3457 1,18,1
453 3393 482 3444 in
502 3391 566 3444 XIV
583 3407 677 3445 rernm
696 3392 855 3445 divinarum
874 3391 946 3446 libro
961 3391 999 3446 M.
1009 3391 1097 3446 Varro
1110 3390 1165 3444 doe·

161 3462 302 3514 tissimum
324 3463 392 3513 tune
415 3461 539 3514 civitatis
563 3462 707 3516 hominem
730 3462 759 3516 L.
774 3462 886 3516 Aelium
912 3479 1019 3518 emesae
1045 3459 1164 3524 ostendit¹

163 3531 239 3596 quod
257 3530 424 3583 vocabulum
443 3530 580 3586 Graecum
597 3535 677 3586 vetus
695 3533 857 3586 traductum
880 3534 910 3586 in
928 3532 1058 3602 linguam
1075 3534 1165 3587 aona

163 3615 243 3663 nam,
265 3599 383 3666 proinde
402 3603 487 3666 atque
505 3602 529 3654 si
547 3602 677 3670 primitus
700 3602 789 3656 latine
807 3604 904 3656 fiotum
923 3606 1009 3670 esset,
1033 3601 1165 3658 resolverit
