<?xml version="1.0" encoding="UTF-8"?>
<!DOCTYPE html PUBLIC "-//W3C//DTD XHTML 1.0 Transitional//EN"
    "http://www.w3.org/TR/xhtml1/DTD/xhtml1-transitional.dtd">
<html xmlns="http://www.w3.org/1999/xhtml" xml:lang="en" lang="en">
 <head>
  <title>
</title>
<meta http-equiv="Content-Type" content="text/html;charset=utf-8" />
  <meta name='ocr-system' content='tesseract 3.04.00' />
  <meta name='ocr-capabilities' content='ocr_page ocr_carea ocr_par ocr_line ocrx_word'/>
</head>
<body>
  <div class='ocr_page' id='page_1' title='image "./grammaticaeroma00funagoog_0571.png"; bbox 0 0 2504 3904; ppageno 0'>
   <div class='ocr_carea' id='block_1_1' title="bbox 462 208 1110 278">
    <p class='ocr_par' dir='ltr' id='par_1_1' title="bbox 462 208 1110 278">
     <span class='ocr_line' id='line_1_1' title="bbox 462 208 1110 278; baseline 0.02 -16"><span class='ocrx_word' id='word_1_1' title='bbox 462 208 489 262; x_wconf 84' lang='lat' dir='ltr'><strong>C.</strong></span> <span class='ocrx_word' id='word_1_2' title='bbox 508 208 596 262; x_wconf 87' lang='lat' dir='ltr'><strong>Iulius</strong></span> <span class='ocrx_word' id='word_1_3' title='bbox 615 209 744 278; x_wconf 88' lang='lat' dir='ltr'><strong>Hyginus</strong></span> <span class='ocrx_word' id='word_1_4' title='bbox 1047 210 1110 274; x_wconf 74' lang='grc'><strong>531</strong></span> 
     </span>
    </p>
   </div>
   <div class='ocr_carea' id='block_1_2' title="bbox 68 375 1237 2144">
    <p class='ocr_par' dir='ltr' id='par_1_2' title="bbox 94 375 1237 1167">
     <span class='ocr_line' id='line_1_2' title="bbox 96 375 1237 454; baseline 0.004 -21"><span class='ocrx_word' id='word_1_5' title='bbox 96 378 157 450; x_wconf 92' lang='lat' dir='ltr'><strong>qui</strong></span> <span class='ocrx_word' id='word_1_6' title='bbox 176 376 217 434; x_wconf 91' lang='lat' dir='ltr'><strong>ab</strong></span> <span class='ocrx_word' id='word_1_7' title='bbox 236 375 396 452; x_wconf 88' lang='lat' dir='ltr'><strong>Harpalo</strong></span> <span class='ocrx_word' id='word_1_8' title='bbox 415 377 514 453; x_wconf 89' lang='lat' dir='ltr'><strong>inquit</strong></span> <span class='ocrx_word' id='word_1_9' title='bbox 532 378 628 454; x_wconf 85' lang='lat' dir='ltr'><strong>regis</strong></span> <span class='ocrx_word' id='word_1_10' title='bbox 648 377 731 453; x_wconf 79' lang='lat' dir='ltr'><strong>Gyri</strong></span> <span class='ocrx_word' id='word_1_11' title='bbox 750 379 937 452; x_wconf 86' lang='lat' dir='ltr'><strong>praefecto</strong></span> <span class='ocrx_word' id='word_1_12' title='bbox 956 397 995 436; x_wconf 86' lang='lat' dir='ltr'><strong>ex</strong></span> <span class='ocrx_word' id='word_1_13' title='bbox 1014 383 1113 438; x_wconf 90' lang='lat' dir='ltr'><strong>terra</strong></span> <span class='ocrx_word' id='word_1_14' title='bbox 1236 441 1237 446; x_wconf 8' lang='grc' dir='ltr'>χ</span> 
     </span>
     <span class='ocr_line' id='line_1_3' title="bbox 95 463 1153 542; baseline 0.008 -21"><span class='ocrx_word' id='word_1_15' title='bbox 95 463 274 523; x_wconf 81' lang='lat' dir='ltr'>Phocaide</span> <span class='ocrx_word' id='word_1_16' title='bbox 289 466 409 542; x_wconf 87' lang='lat' dir='ltr'><strong>fugati</strong></span> <span class='ocrx_word' id='word_1_17' title='bbox 422 469 517 540; x_wconf 91' lang='lat' dir='ltr'><strong>sunt,</strong></span> <span class='ocrx_word' id='word_1_18' title='bbox 533 467 756 540; x_wconf 90' lang='lat' dir='ltr'><strong>aliiVeliam,</strong></span> <span class='ocrx_word' id='word_1_19' title='bbox 770 469 903 542; x_wconf 90' lang='lat' dir='ltr'><strong>partim</strong></span> <span class='ocrx_word' id='word_1_20' title='bbox 912 467 1113 528; x_wconf 87' lang='lat' dir='ltr'><strong>Massiliam</strong></span> <span class='ocrx_word' id='word_1_21' title='bbox 1128 489 1153 530; x_wconf 83' lang='lat'><strong>15</strong></span> 
     </span>
     <span class='ocr_line' id='line_1_4' title="bbox 96 553 1237 633; baseline 0.005 -22"><span class='ocrx_word' id='word_1_22' title='bbox 96 553 343 613; x_wconf 86' lang='lat' dir='ltr'><strong>condiderunt.</strong></span> <span class='ocrx_word' id='word_1_23' title='bbox 384 555 623 615; x_wconf 76' lang='lat' dir='ltr'><strong>inscitissime</strong></span> <span class='ocrx_word' id='word_1_24' title='bbox 646 556 763 633; x_wconf 87' lang='lat' dir='ltr'><strong>igitur</strong></span> <span class='ocrx_word' id='word_1_25' title='bbox 785 557 892 631; x_wconf 91' lang='lat' dir='ltr'><strong>petit,</strong></span> <span class='ocrx_word' id='word_1_26' title='bbox 916 560 955 615; x_wconf 94' lang='lat' dir='ltr'><strong>ut</strong></span> <span class='ocrx_word' id='word_1_27' title='bbox 973 557 1112 617; x_wconf 80' lang='lat' dir='ltr'><strong>Aeneas</strong></span> <span class='ocrx_word' id='word_1_28' title='bbox 1236 563 1237 584; x_wconf 65' lang='lat'><strong>³</strong></span> 
     </span>
     <span class='ocr_line' id='line_1_5' title="bbox 95 644 1112 720; baseline 0.004 -19"><span class='ocrx_word' id='word_1_29' title='bbox 95 646 238 718; x_wconf 89' lang='lat' dir='ltr'><strong>portum</strong></span> <span class='ocrx_word' id='word_1_30' title='bbox 260 644 422 702; x_wconf 90' lang='lat' dir='ltr'><strong>Velinum</strong></span> <span class='ocrx_word' id='word_1_31' title='bbox 448 646 625 720; x_wconf 89' lang='lat' dir='ltr'><strong>requirat,</strong></span> <span class='ocrx_word' id='word_1_32' title='bbox 656 663 732 703; x_wconf 91' lang='lat' dir='ltr'><strong>cum</strong></span> <span class='ocrx_word' id='word_1_33' title='bbox 756 645 791 702; x_wconf 94' lang='lat' dir='ltr'><strong>id</strong></span> <span class='ocrx_word' id='word_1_34' title='bbox 814 664 940 704; x_wconf 90' lang='lat' dir='ltr'><strong>nornen</strong></span> <span class='ocrx_word' id='word_1_35' title='bbox 964 665 1001 705; x_wconf 93' lang='lat' dir='ltr'><strong>eo</strong></span> <span class='ocrx_word' id='word_1_36' title='bbox 1025 651 1112 704; x_wconf 90' lang='lat' dir='ltr'><strong>tem-</strong></span> 
     </span>
     <span class='ocr_line' id='line_1_6' title="bbox 95 733 1113 812; baseline 0.003 -22"><span class='ocrx_word' id='word_1_37' title='bbox 95 751 181 806; x_wconf 89' lang='lat' dir='ltr'><strong>pore</strong></span> <span class='ocrx_word' id='word_1_38' title='bbox 199 733 312 790; x_wconf 87' lang='lat' dir='ltr'><strong>fuerit</strong></span> <span class='ocrx_word' id='word_1_39' title='bbox 330 751 505 808; x_wconf 80' lang='lat' dir='ltr'><strong>nusquam</strong></span> <span class='ocrx_word' id='word_1_40' title='bbox 525 736 694 810; x_wconf 87' lang='lat' dir='ltr'><strong>gentium.</strong></span> <span class='ocrx_word' id='word_1_41' title='bbox 737 753 849 810; x_wconf 92' lang='lat' dir='ltr'><strong>neque</strong></span> <span class='ocrx_word' id='word_1_42' title='bbox 869 736 988 793; x_wconf 90' lang='lat' dir='ltr'><strong>simile</strong></span> <span class='ocrx_word' id='word_1_43' title='bbox 1011 735 1113 812; x_wconf 82' lang='lat' dir='ltr'><strong>inquit</strong></span> 
     </span>
     <span class='ocr_line' id='line_1_7' title="bbox 95 819 1110 904; baseline 0.005 -26"><span class='ocrx_word' id='word_1_44' title='bbox 95 821 189 879; x_wconf 92' lang='lat' dir='ltr'><strong>illud</strong></span> <span class='ocrx_word' id='word_1_45' title='bbox 212 821 328 880; x_wconf 86' lang='lat' dir='ltr'><strong>videri</strong></span> <span class='ocrx_word' id='word_1_46' title='bbox 351 822 467 894; x_wconf 88' lang='lat' dir='ltr'><strong>debet,</strong></span> <span class='ocrx_word' id='word_1_47' title='bbox 491 823 583 897; x_wconf 92' lang='lat' dir='ltr'><strong>quod</strong></span> <span class='ocrx_word' id='word_1_48' title='bbox 607 826 661 881; x_wconf 89' lang='lat' dir='ltr'><strong>est</strong></span> <span class='ocrx_word' id='word_1_49' title='bbox 683 825 719 880; x_wconf 91' lang='lat' dir='ltr'><strong>in</strong></span> <span class='ocrx_word' id='word_1_50' title='bbox 743 825 857 898; x_wconf 89' lang='lat' dir='ltr'><strong>primo</strong></span> <span class='ocrx_word' id='word_1_51' title='bbox 881 825 1037 882; x_wconf 89' lang='lat' dir='ltr'><strong>carmine</strong></span> <span class='ocrx_word' id='word_1_52' title='bbox 1062 819 1110 904; x_wconf 74' lang='lat'><strong>[2]</strong></span> 
     </span>
     <span class='ocr_line' id='line_1_8' title="bbox 97 905 1152 990; baseline 0.007 -23"><span class='ocrx_word' id='word_1_53' title='bbox 97 905 261 968; x_wconf 84' lang='lat' dir='ltr'><strong>‘Italiam</strong></span> <span class='ocrx_word' id='word_1_54' title='bbox 284 911 359 968; x_wconf 86' lang='lat' dir='ltr'><strong>fato</strong></span> <span class='ocrx_word' id='word_1_55' title='bbox 388 913 563 988; x_wconf 86' lang='lat' dir='ltr'><strong>profugus</strong></span> <span class='ocrx_word' id='word_1_56' title='bbox 587 911 796 987; x_wconf 88' lang='lat' dir='ltr'><strong>Lavinaque</strong></span> <span class='ocrx_word' id='word_1_57' title='bbox 819 915 920 972; x_wconf 87' lang='lat' dir='ltr'><strong>venit</strong></span> <span class='ocrx_word' id='word_1_58' title='bbox 938 909 955 990; x_wconf 68' lang='lat' dir='ltr'><em>s</em></span> <span class='ocrx_word' id='word_1_59' title='bbox 973 910 1110 988; x_wconf 88' lang='lat' dir='ltr'><strong>litora&#39;,</strong></span> <span class='ocrx_word' id='word_1_60' title='bbox 1127 935 1152 974; x_wconf 79' lang='lat' dir='ltr'><strong>so</strong></span> 
     </span>
     <span class='ocr_line' id='line_1_9' title="bbox 96 995 1111 1080; baseline 0.006 -24"><span class='ocrx_word' id='word_1_61' title='bbox 96 1002 131 1056; x_wconf 88' lang='grc'><strong>11</strong></span> <span class='ocrx_word' id='word_1_62' title='bbox 155 1019 263 1074; x_wconf 88' lang='lat' dir='ltr'><strong>aeque</strong></span> <span class='ocrx_word' id='word_1_63' title='bbox 286 1001 323 1057; x_wconf 87' lang='lat' dir='ltr'><strong>in</strong></span> <span class='ocrx_word' id='word_1_64' title='bbox 347 1002 445 1058; x_wconf 84' lang='lat' dir='ltr'><strong>sexto</strong></span> <span class='ocrx_word' id='word_1_65' title='bbox 469 1001 564 1058; x_wconf 91' lang='lat' dir='ltr'><strong>libro</strong></span> <span class='ocrx_word' id='word_1_66' title='bbox 594 995 669 1080; x_wconf 84' lang='lat'><strong><em>[17]</em></strong></span> <span class='ocrx_word' id='word_1_67' title='bbox 702 995 997 1079; x_wconf 72' lang='lat' dir='ltr'><strong>‘Chalcidicaque</strong></span> <span class='ocrx_word' id='word_1_68' title='bbox 1020 1003 1111 1062; x_wconf 86' lang='lat' dir='ltr'><strong>levis</strong></span> 
     </span>
     <span class='ocr_line' id='line_1_10' title="bbox 94 1087 1111 1167; baseline 0.004 -22"><span class='ocrx_word' id='word_1_69' title='bbox 94 1087 239 1146; x_wconf 88' lang='lat' dir='ltr'><strong>tandem</strong></span> <span class='ocrx_word' id='word_1_70' title='bbox 263 1107 370 1163; x_wconf 89' lang='lat' dir='ltr'><strong>super</strong></span> <span class='ocrx_word' id='word_1_71' title='bbox 399 1091 523 1148; x_wconf 89' lang='lat' dir='ltr'><strong>astitit</strong></span> <span class='ocrx_word' id='word_1_72' title='bbox 553 1087 657 1165; x_wconf 90' lang='lat' dir='ltr'><strong>arce&#39;,</strong></span> <span class='ocrx_word' id='word_1_73' title='bbox 686 1091 854 1165; x_wconf 91' lang='lat' dir='ltr'><strong>quoniam</strong></span> <span class='ocrx_word' id='word_1_74' title='bbox 882 1095 1009 1166; x_wconf 88' lang='lat' dir='ltr'><strong>poetae</strong></span> <span class='ocrx_word' id='word_1_75' title='bbox 1039 1093 1111 1167; x_wconf 87' lang='lat' dir='ltr'><strong>ipsi</strong></span> 
     </span>
    </p>

    <p class='ocr_par' dir='ltr' id='par_1_3' title="bbox 68 1175 1150 2144">
     <span class='ocr_line' id='line_1_11' title="bbox 68 1175 1112 1257; baseline 0.005 -23"><span class='ocrx_word' id='word_1_76' title='bbox 68 1229 71 1234; x_wconf 88' lang='lat'><em>.</em></span> <span class='ocrx_word' id='word_1_77' title='bbox 96 1178 270 1251; x_wconf 81' lang='lat' dir='ltr'><strong>quaedam</strong></span> <span class='ocrx_word' id='word_1_78' title='bbox 300 1175 385 1236; x_wconf 80' lang='grc' dir='ltr'><strong><em>κατὰ</em></strong></span> <span class='ocrx_word' id='word_1_79' title='bbox 414 1177 597 1257; x_wconf 79' lang='grc' dir='ltr'><strong><em>πρόληψιν</em></strong></span> <span class='ocrx_word' id='word_1_80' title='bbox 625 1179 803 1238; x_wconf 88' lang='lat' dir='ltr'><strong>historiae</strong></span> <span class='ocrx_word' id='word_1_81' title='bbox 834 1180 951 1239; x_wconf 83' lang='lat' dir='ltr'><strong>dicere</strong></span> <span class='ocrx_word' id='word_1_82' title='bbox 982 1200 1022 1238; x_wconf 88' lang='lat' dir='ltr'><strong>ex</strong></span> <span class='ocrx_word' id='word_1_83' title='bbox 1049 1201 1112 1240; x_wconf 89' lang='lat' dir='ltr'><strong>sua</strong></span> 
     </span>
     <span class='ocr_line' id='line_1_12' title="bbox 95 1267 1111 1344; baseline 0.005 -20"><span class='ocrx_word' id='word_1_84' title='bbox 95 1283 249 1341; x_wconf 89' lang='lat' dir='ltr'><strong>persona</strong></span> <span class='ocrx_word' id='word_1_85' title='bbox 268 1267 415 1326; x_wconf 92' lang='lat' dir='ltr'><strong>concedi</strong></span> <span class='ocrx_word' id='word_1_86' title='bbox 433 1268 538 1343; x_wconf 91' lang='lat' dir='ltr'><strong>solet,</strong></span> <span class='ocrx_word' id='word_1_87' title='bbox 559 1287 648 1343; x_wconf 92' lang='lat' dir='ltr'><strong>quae</strong></span> <span class='ocrx_word' id='word_1_88' title='bbox 667 1269 766 1326; x_wconf 87' lang='lat' dir='ltr'><strong>faeta</strong></span> <span class='ocrx_word' id='word_1_89' title='bbox 784 1271 860 1344; x_wconf 90' lang='lat' dir='ltr'><strong>ipse</strong></span> <span class='ocrx_word' id='word_1_90' title='bbox 880 1272 1005 1344; x_wconf 87' lang='lat' dir='ltr'><strong>postea</strong></span> <span class='ocrx_word' id='word_1_91' title='bbox 1020 1271 1111 1330; x_wconf 90' lang='lat' dir='ltr'><strong>scire</strong></span> 
     </span>
     <span class='ocr_line' id='line_1_13' title="bbox 95 1355 1150 1434; baseline 0.004 -20"><span class='ocrx_word' id='word_1_92' title='bbox 95 1358 231 1431; x_wconf 89' lang='lat' dir='ltr'><strong>potuit,</strong></span> <span class='ocrx_word' id='word_1_93' title='bbox 261 1358 356 1415; x_wconf 92' lang='lat' dir='ltr'><strong>sicut</strong></span> <span class='ocrx_word' id='word_1_94' title='bbox 383 1355 565 1434; x_wconf 85' lang='lat' dir='ltr'><strong>Vergilius</strong></span> <span class='ocrx_word' id='word_1_95' title='bbox 594 1357 703 1416; x_wconf 84' lang='lat' dir='ltr'><strong>scivit</strong></span> <span class='ocrx_word' id='word_1_96' title='bbox 730 1358 770 1416; x_wconf 93' lang='lat' dir='ltr'><strong>de</strong></span> <span class='ocrx_word' id='word_1_97' title='bbox 798 1358 950 1416; x_wconf 84' lang='lat' dir='ltr'><strong>Lavinio</strong></span> <span class='ocrx_word' id='word_1_98' title='bbox 979 1359 1110 1434; x_wconf 91' lang='lat' dir='ltr'><strong>oppido</strong></span> <span class='ocrx_word' id='word_1_99' title='bbox 1125 1378 1150 1419; x_wconf 82' lang='grc'><strong>11</strong></span> 
     </span>
     <span class='ocr_line' id='line_1_14' title="bbox 95 1443 1111 1524; baseline 0.003 -22"><span class='ocrx_word' id='word_1_100' title='bbox 95 1447 129 1502; x_wconf 91' lang='lat' dir='ltr'><strong>et</strong></span> <span class='ocrx_word' id='word_1_101' title='bbox 160 1443 200 1502; x_wconf 90' lang='lat' dir='ltr'><strong>de</strong></span> <span class='ocrx_word' id='word_1_102' title='bbox 231 1445 374 1504; x_wconf 89' lang='lat' dir='ltr'><strong>colonia</strong></span> <span class='ocrx_word' id='word_1_103' title='bbox 405 1444 681 1506; x_wconf 77' lang='lat' dir='ltr'><strong>Chalcidicensi.</strong></span> <span class='ocrx_word' id='word_1_104' title='bbox 737 1447 797 1506; x_wconf 91' lang='lat' dir='ltr'><strong>sed</strong></span> <span class='ocrx_word' id='word_1_105' title='bbox 828 1447 1019 1508; x_wconf 82' lang='lat' dir='ltr'><strong>Palinuros</strong></span> <span class='ocrx_word' id='word_1_106' title='bbox 1049 1451 1111 1524; x_wconf 89' lang='lat' dir='ltr'><strong>qui</strong></span> 
     </span>
     <span class='ocr_line' id='line_1_15' title="bbox 94 1535 1110 1611; baseline 0.004 -19"><span class='ocrx_word' id='word_1_107' title='bbox 94 1535 217 1608; x_wconf 89' lang='lat' dir='ltr'><strong>potuit</strong></span> <span class='ocrx_word' id='word_1_108' title='bbox 244 1536 343 1608; x_wconf 88' lang='lat' dir='ltr'><strong>inquit</strong></span> <span class='ocrx_word' id='word_1_109' title='bbox 373 1535 464 1592; x_wconf 90' lang='lat' dir='ltr'><strong>scire</strong></span> <span class='ocrx_word' id='word_1_110' title='bbox 493 1553 545 1609; x_wconf 89' lang='lat' dir='ltr'><strong>ea,</strong></span> <span class='ocrx_word' id='word_1_111' title='bbox 576 1555 664 1610; x_wconf 90' lang='lat' dir='ltr'><strong>quae</strong></span> <span class='ocrx_word' id='word_1_112' title='bbox 688 1539 771 1611; x_wconf 89' lang='lat' dir='ltr'><strong>post</strong></span> <span class='ocrx_word' id='word_1_113' title='bbox 794 1555 904 1596; x_wconf 88' lang='lat' dir='ltr'><strong>annos</strong></span> <span class='ocrx_word' id='word_1_114' title='bbox 928 1541 1110 1596; x_wconf 87' lang='lat' dir='ltr'><strong>sescentos</strong></span> 
     </span>
     <span class='ocr_line' id='line_1_16' title="bbox 94 1624 1110 1700; baseline 0.005 -19"><span class='ocrx_word' id='word_1_115' title='bbox 94 1624 193 1681; x_wconf 86' lang='lat' dir='ltr'><strong>facta</strong></span> <span class='ocrx_word' id='word_1_116' title='bbox 217 1625 311 1698; x_wconf 90' lang='lat' dir='ltr'><strong>sunt,</strong></span> <span class='ocrx_word' id='word_1_117' title='bbox 340 1625 412 1682; x_wconf 91' lang='lat' dir='ltr'><strong>nisi</strong></span> <span class='ocrx_word' id='word_1_118' title='bbox 434 1626 514 1699; x_wconf 91' lang='lat' dir='ltr'><strong>quis</strong></span> <span class='ocrx_word' id='word_1_119' title='bbox 543 1644 620 1682; x_wconf 92' lang='lat' dir='ltr'><strong>eum</strong></span> <span class='ocrx_word' id='word_1_120' title='bbox 648 1625 833 1685; x_wconf 84' lang='lat' dir='ltr'><strong>divinasse</strong></span> <span class='ocrx_word' id='word_1_121' title='bbox 857 1629 943 1700; x_wconf 85' lang='lat' dir='ltr'><strong>aput</strong></span> <span class='ocrx_word' id='word_1_122' title='bbox 970 1627 1110 1686; x_wconf 87' lang='lat' dir='ltr'><strong>inferos</strong></span> 
     </span>
     <span class='ocr_line' id='line_1_17' title="bbox 94 1712 1111 1787; baseline 0.003 -18"><span class='ocrx_word' id='word_1_123' title='bbox 94 1715 215 1787; x_wconf 90' lang='lat' dir='ltr'><strong>putat,</strong></span> <span class='ocrx_word' id='word_1_124' title='bbox 252 1712 402 1787; x_wconf 90' lang='lat' dir='ltr'><strong>proinde</strong></span> <span class='ocrx_word' id='word_1_125' title='bbox 435 1715 473 1770; x_wconf 92' lang='lat' dir='ltr'><strong>ut</strong></span> <span class='ocrx_word' id='word_1_126' title='bbox 509 1715 647 1772; x_wconf 89' lang='lat' dir='ltr'><strong>animae</strong></span> <span class='ocrx_word' id='word_1_127' title='bbox 682 1713 932 1773; x_wconf 87' lang='lat' dir='ltr'><strong>defunctorum</strong></span> <span class='ocrx_word' id='word_1_128' title='bbox 969 1713 1111 1775; x_wconf 86' lang='lat' dir='ltr'><strong>solent?</strong></span> 
     </span>
     <span class='ocr_line' id='line_1_18' title="bbox 95 1801 1150 1879; baseline 0.007 -21"><span class='ocrx_word' id='word_1_129' title='bbox 95 1801 154 1858; x_wconf 89' lang='lat' dir='ltr'><strong>sed</strong></span> <span class='ocrx_word' id='word_1_130' title='bbox 178 1802 212 1858; x_wconf 93' lang='lat' dir='ltr'><strong>et</strong></span> <span class='ocrx_word' id='word_1_131' title='bbox 236 1801 265 1860; x_wconf 89' lang='lat' dir='ltr'><strong>si</strong></span> <span class='ocrx_word' id='word_1_132' title='bbox 288 1803 340 1858; x_wconf 86' lang='lat' dir='ltr'><strong>ita</strong></span> <span class='ocrx_word' id='word_1_133' title='bbox 363 1802 535 1877; x_wconf 89' lang='lat' dir='ltr'><strong>accipias,</strong></span> <span class='ocrx_word' id='word_1_134' title='bbox 560 1821 773 1879; x_wconf 88' lang='lat' dir='ltr'><strong>quamquam</strong></span> <span class='ocrx_word' id='word_1_135' title='bbox 795 1823 864 1863; x_wconf 93' lang='lat' dir='ltr'><strong>non</strong></span> <span class='ocrx_word' id='word_1_136' title='bbox 888 1805 941 1861; x_wconf 91' lang='lat' dir='ltr'><strong>ita</strong></span> <span class='ocrx_word' id='word_1_137' title='bbox 964 1804 1150 1876; x_wconf 83' lang='lat' dir='ltr'><strong>dicitur,eo</strong></span> 
     </span>
     <span class='ocr_line' id='line_1_19' title="bbox 95 1889 1110 1969; baseline 0.006 -22"><span class='ocrx_word' id='word_1_138' title='bbox 95 1889 232 1948; x_wconf 84' lang='lat' dir='ltr'><strong>Aeneas</strong></span> <span class='ocrx_word' id='word_1_139' title='bbox 247 1893 378 1964; x_wconf 89' lang='lat' dir='ltr'><strong>tamen,</strong></span> <span class='ocrx_word' id='word_1_140' title='bbox 397 1893 457 1965; x_wconf 91' lang='lat' dir='ltr'><strong>qui</strong></span> <span class='ocrx_word' id='word_1_141' title='bbox 476 1910 545 1949; x_wconf 92' lang='lat' dir='ltr'><strong>non</strong></span> <span class='ocrx_word' id='word_1_142' title='bbox 560 1891 762 1966; x_wconf 80' lang='lat' dir='ltr'><strong>divinabat,</strong></span> <span class='ocrx_word' id='word_1_143' title='bbox 783 1911 850 1968; x_wconf 94' lang='lat' dir='ltr'><strong>quo</strong></span> <span class='ocrx_word' id='word_1_144' title='bbox 864 1897 969 1968; x_wconf 90' lang='lat' dir='ltr'><strong>pacto</strong></span> <span class='ocrx_word' id='word_1_145' title='bbox 986 1896 1110 1969; x_wconf 88' lang='lat' dir='ltr'><strong>potuit</strong></span> 
     </span>
     <span class='ocr_line' id='line_1_20' title="bbox 93 1979 1109 2056; baseline 0.006 -21"><span class='ocrx_word' id='word_1_146' title='bbox 93 1981 280 2053; x_wconf 82' lang='lat' dir='ltr'><strong>requirere</strong></span> <span class='ocrx_word' id='word_1_147' title='bbox 303 1983 445 2054; x_wconf 89' lang='lat' dir='ltr'><strong>portum</strong></span> <span class='ocrx_word' id='word_1_148' title='bbox 468 1979 643 2053; x_wconf 85' lang='lat' dir='ltr'><strong>Velinum,</strong></span> <span class='ocrx_word' id='word_1_149' title='bbox 667 1982 723 2038; x_wconf 92' lang='lat' dir='ltr'><strong>cui</strong></span> <span class='ocrx_word' id='word_1_150' title='bbox 746 2001 871 2040; x_wconf 91' lang='lat' dir='ltr'><strong>nomen</strong></span> <span class='ocrx_word' id='word_1_151' title='bbox 893 1984 992 2056; x_wconf 84' lang='lat' dir='ltr'><strong>tuno,</strong></span> <span class='ocrx_word' id='word_1_152' title='bbox 1016 1983 1109 2041; x_wconf 86' lang='lat' dir='ltr'><strong>sicut</strong></span> 
     </span>
     <span class='ocr_line' id='line_1_21' title="bbox 94 2067 709 2144; baseline 0.003 -19"><span class='ocrx_word' id='word_1_153' title='bbox 94 2067 260 2142; x_wconf 77' lang='lat' dir='ltr'><strong>diximuS,</strong></span> <span class='ocrx_word' id='word_1_154' title='bbox 283 2068 420 2127; x_wconf 91' lang='lat' dir='ltr'><strong>nullum</strong></span> <span class='ocrx_word' id='word_1_155' title='bbox 444 2087 591 2144; x_wconf 90' lang='lat' dir='ltr'><strong>usquam</strong></span> <span class='ocrx_word' id='word_1_156' title='bbox 614 2067 709 2127; x_wconf 77' lang='lat' dir='ltr'><strong>fuit?</strong></span> 
     </span>
    </p>
   </div>
   <div class='ocr_carea' id='block_1_3' title="bbox 92 2167 1107 2308">
    <p class='ocr_par' dir='ltr' id='par_1_4' title="bbox 92 2167 1107 2308">
     <span class='ocr_line' id='line_1_22' title="bbox 168 2167 1107 2237; baseline 0.005 -17"><span class='ocrx_word' id='word_1_157' title='bbox 168 2167 235 2221; x_wconf 76' lang='lat' dir='ltr'><strong>Geli.</strong></span> <span class='ocrx_word' id='word_1_158' title='bbox 251 2171 382 2232; x_wconf 83' lang='lat'><strong>10,16,1</strong></span> <span class='ocrx_word' id='word_1_159' title='bbox 401 2182 581 2229; x_wconf 62' lang='grc'><em>1111111111-</em></span> <span class='ocrx_word' id='word_1_160' title='bbox 594 2194 688 2232; x_wconf 72' lang='lat' dir='ltr'><strong>usquam</strong></span> <span class='ocrx_word' id='word_1_161' title='bbox 702 2183 759 2223; x_wconf 78' lang='grc'><em>11111</em></span> <span class='ocrx_word' id='word_1_162' title='bbox 787 2170 820 2236; x_wconf 78' lang='lat' dir='ltr'><strong>ef.</strong></span> <span class='ocrx_word' id='word_1_163' title='bbox 836 2169 909 2224; x_wconf 82' lang='lat' dir='ltr'><strong>Sere.</strong></span> <span class='ocrx_word' id='word_1_164' title='bbox 925 2171 993 2224; x_wconf 81' lang='lat' dir='ltr'><strong>Aea.</strong></span> <span class='ocrx_word' id='word_1_165' title='bbox 1010 2175 1035 2237; x_wconf 83' lang='lat'><strong>6,</strong></span> <span class='ocrx_word' id='word_1_166' title='bbox 1046 2175 1107 2225; x_wconf 86' lang='grc'><em>359.</em></span> 
     </span>
     <span class='ocr_line' id='line_1_23' title="bbox 92 2239 375 2308; baseline -0.004 -15"><span class='ocrx_word' id='word_1_167' title='bbox 92 2239 185 2294; x_wconf 81' lang='lat' dir='ltr'><strong>Diem.</strong></span> <span class='ocrx_word' id='word_1_168' title='bbox 200 2255 230 2308; x_wconf 79' lang='lat' dir='ltr'><strong>p.</strong></span> <span class='ocrx_word' id='word_1_169' title='bbox 249 2241 312 2305; x_wconf 74' lang='lat'><strong>443,</strong></span> <span class='ocrx_word' id='word_1_170' title='bbox 329 2241 375 2293; x_wconf 80' lang='lat'><strong>29.</strong></span> 
     </span>
    </p>
   </div>
   <div class='ocr_carea' id='block_1_4' title="bbox 93 2345 1108 2630">
    <p class='ocr_par' dir='ltr' id='par_1_5' title="bbox 93 2345 1108 2630">
     <span class='ocr_line' id='line_1_24' title="bbox 166 2345 1108 2418; baseline 0.003 -21"><span class='ocrx_word' id='word_1_171' title='bbox 166 2351 199 2399; x_wconf 89' lang='lat'><strong>18</strong></span> <span class='ocrx_word' id='word_1_172' title='bbox 214 2345 299 2398; x_wconf 87' lang='lat' dir='ltr'><strong>fuerit</strong></span> <span class='ocrx_word' id='word_1_173' title='bbox 314 2345 411 2416; x_wconf 74' lang='lat' dir='ltr'><strong>Reyia.</strong></span> <span class='ocrx_word' id='word_1_174' title='bbox 427 2351 499 2400; x_wconf 83' lang='lat'><strong><em>1646</em></strong></span> <span class='ocrx_word' id='word_1_175' title='bbox 517 2345 571 2398; x_wconf 90' lang='lat' dir='ltr'><strong>fuit</strong></span> <span class='ocrx_word' id='word_1_176' title='bbox 584 2347 641 2400; x_wconf 83' lang='lat' dir='ltr'><strong>rell.</strong></span> <span class='ocrx_word' id='word_1_177' title='bbox 715 2352 748 2399; x_wconf 79' lang='lat'><strong>20</strong></span> <span class='ocrx_word' id='word_1_178' title='bbox 765 2346 925 2415; x_wconf 72' lang='lat' dir='ltr'><strong>laciniaque</strong></span> <span class='ocrx_word' id='word_1_179' title='bbox 940 2349 1037 2418; x_wconf 68' lang='lat' dir='ltr'><strong>Recta.</strong></span> <span class='ocrx_word' id='word_1_180' title='bbox 1054 2352 1108 2402; x_wconf 86' lang='lat'><strong>597</strong></span> 
     </span>
     <span class='ocr_line' id='line_1_25' title="bbox 93 2416 1107 2490; baseline 0.004 -20"><span class='ocrx_word' id='word_1_181' title='bbox 93 2422 118 2470; x_wconf 83' lang='lat' dir='ltr'><strong>et</strong></span> <span class='ocrx_word' id='word_1_182' title='bbox 137 2421 210 2470; x_wconf 79' lang='grc'><em>1646</em></span> <span class='ocrx_word' id='word_1_183' title='bbox 295 2422 329 2470; x_wconf 80' lang='grc'><strong>23</strong></span> <span class='ocrx_word' id='word_1_184' title='bbox 348 2416 466 2470; x_wconf 88' lang='lat' dir='ltr'><strong>historia</strong></span> <span class='ocrx_word' id='word_1_185' title='bbox 482 2419 603 2486; x_wconf 80' lang='lat' dir='ltr'><strong>plerique</strong></span> <span class='ocrx_word' id='word_1_186' title='bbox 621 2417 697 2472; x_wconf 85' lang='lat' dir='ltr'><strong>codd.</strong></span> <span class='ocrx_word' id='word_1_187' title='bbox 780 2423 814 2470; x_wconf 80' lang='lat'><strong>24</strong></span> <span class='ocrx_word' id='word_1_188' title='bbox 834 2418 904 2472; x_wconf 88' lang='lat' dir='ltr'><strong>scire</strong></span> <span class='ocrx_word' id='word_1_189' title='bbox 924 2419 1107 2490; x_wconf 68' lang='grc'><em>3191111646</em></span> 
     </span>
     <span class='ocr_line' id='line_1_26' title="bbox 93 2487 1106 2558; baseline 0.002 -17"><span class='ocrx_word' id='word_1_190' title='bbox 93 2487 158 2541; x_wconf 87' lang='lat' dir='ltr'><strong>sciri</strong></span> <span class='ocrx_word' id='word_1_191' title='bbox 176 2489 234 2542; x_wconf 83' lang='lat' dir='ltr'><strong>rell.</strong></span> <span class='ocrx_word' id='word_1_192' title='bbox 325 2493 358 2540; x_wconf 79' lang='lat'><strong>26</strong></span> <span class='ocrx_word' id='word_1_193' title='bbox 378 2487 641 2557; x_wconf 88' lang='lat' dir='ltr'><strong>c(h)alo(h)idinenei</strong></span> <span class='ocrx_word' id='word_1_194' title='bbox 661 2488 742 2558; x_wconf 83' lang='lat' dir='ltr'><strong>(sloh.</strong></span> <span class='ocrx_word' id='word_1_195' title='bbox 764 2490 837 2544; x_wconf 82' lang='lat' dir='ltr'><strong>Voss.</strong></span> <span class='ocrx_word' id='word_1_196' title='bbox 857 2489 921 2544; x_wconf 80' lang='lat' dir='ltr'><strong>Lot.</strong></span> <span class='ocrx_word' id='word_1_197' title='bbox 941 2491 971 2544; x_wconf 85' lang='lat' dir='ltr'><em>F</em></span> <span class='ocrx_word' id='word_1_198' title='bbox 984 2493 1010 2558; x_wconf 87' lang='lat'><strong>7)</strong></span> <span class='ocrx_word' id='word_1_199' title='bbox 1030 2491 1106 2545; x_wconf 85' lang='lat' dir='ltr'><strong>cedd.</strong></span> 
     </span>
     <span class='ocr_line' id='line_1_27' title="bbox 93 2559 769 2630; baseline 0.006 -20"><span class='ocrx_word' id='word_1_200' title='bbox 93 2564 126 2611; x_wconf 79' lang='lat'><strong>27</strong></span> <span class='ocrx_word' id='word_1_201' title='bbox 146 2559 176 2612; x_wconf 89' lang='lat' dir='ltr'><strong>id</strong></span> <span class='ocrx_word' id='word_1_202' title='bbox 195 2559 288 2627; x_wconf 90' lang='lat' dir='ltr'><strong>inquit</strong></span> <span class='ocrx_word' id='word_1_203' title='bbox 308 2561 443 2630; x_wconf 71' lang='lat' dir='ltr'><strong>Mayliub.</strong></span> <span class='ocrx_word' id='word_1_204' title='bbox 464 2561 562 2630; x_wconf 72' lang='lat' dir='ltr'><strong>Reqe&#39;a.</strong></span> <span class='ocrx_word' id='word_1_205' title='bbox 582 2564 637 2615; x_wconf 87' lang='lat'><strong>597</strong></span> <span class='ocrx_word' id='word_1_206' title='bbox 655 2564 769 2614; x_wconf 75' lang='grc'><em>111646</em></span> 
     </span>
    </p>
   </div>
   <div class='ocr_carea' id='block_1_5' title="bbox 90 2794 1144 3414">
    <p class='ocr_par' dir='ltr' id='par_1_6' title="bbox 90 2794 1144 3414">
     <span class='ocr_line' id='line_1_28' title="bbox 158 2794 1105 2880; baseline 0.002 -23"><span class='ocrx_word' id='word_1_207' title='bbox 158 2801 232 2857; x_wconf 90' lang='lat' dir='ltr'><strong>item</strong></span> <span class='ocrx_word' id='word_1_208' title='bbox 249 2798 305 2857; x_wconf 91' lang='lat' dir='ltr'><strong>hoc</strong></span> <span class='ocrx_word' id='word_1_209' title='bbox 324 2817 440 2874; x_wconf 91' lang='lat' dir='ltr'><strong>quoque</strong></span> <span class='ocrx_word' id='word_1_210' title='bbox 459 2799 489 2856; x_wconf 88' lang='lat' dir='ltr'><strong>in</strong></span> <span class='ocrx_word' id='word_1_211' title='bbox 509 2799 611 2857; x_wconf 92' lang='lat' dir='ltr'><strong>eodem</strong></span> <span class='ocrx_word' id='word_1_212' title='bbox 630 2799 706 2858; x_wconf 90' lang='lat' dir='ltr'><strong>libro</strong></span> <span class='ocrx_word' id='word_1_213' title='bbox 726 2800 915 2875; x_wconf 78' lang='lat' dir='ltr'><strong>reprehendit</strong></span> <span class='ocrx_word' id='word_1_214' title='bbox 939 2794 1105 2880; x_wconf 71' lang='lat' dir='ltr'><strong>[Hyyiaus]</strong></span> 
     </span>
     <span class='ocr_line' id='line_1_29' title="bbox 93 2886 1105 2965; baseline 0.001 -20"><span class='ocrx_word' id='word_1_215' title='bbox 93 2891 123 2946; x_wconf 91' lang='grc'><strong>11</strong></span> <span class='ocrx_word' id='word_1_216' title='bbox 137 2890 338 2947; x_wconf 86' lang='lat' dir='ltr'><strong>correcturum</strong></span> <span class='ocrx_word' id='word_1_217' title='bbox 356 2889 446 2947; x_wconf 86' lang='lat' dir='ltr'><strong>fuisse</strong></span> <span class='ocrx_word' id='word_1_218' title='bbox 461 2886 629 2965; x_wconf 84' lang='lat' dir='ltr'><strong>Vergilium</strong></span> <span class='ocrx_word' id='word_1_219' title='bbox 648 2892 744 2964; x_wconf 88' lang='lat' dir='ltr'><strong>putat,</strong></span> <span class='ocrx_word' id='word_1_220' title='bbox 762 2889 819 2948; x_wconf 90' lang='lat' dir='ltr'><strong>nisi</strong></span> <span class='ocrx_word' id='word_1_221' title='bbox 835 2889 910 2948; x_wconf 89' lang='lat' dir='ltr'><strong>mori</strong></span> <span class='ocrx_word' id='word_1_222' title='bbox 925 2895 1105 2964; x_wconf 84' lang='lat' dir='ltr'><strong>occupasset.</strong></span> 
     </span>
     <span class='ocr_line' id='line_1_30' title="bbox 91 2977 1106 3053; baseline 0.003 -20"><span class='ocrx_word' id='word_1_223' title='bbox 91 2996 170 3034; x_wconf 89' lang='lat' dir='ltr'><strong>nam</strong></span> <span class='ocrx_word' id='word_1_224' title='bbox 194 2996 269 3036; x_wconf 91' lang='lat' dir='ltr'><strong>cum</strong></span> <span class='ocrx_word' id='word_1_225' title='bbox 293 2977 427 3035; x_wconf 83' lang='lat' dir='ltr'><strong>Thesea</strong></span> <span class='ocrx_word' id='word_1_226' title='bbox 455 2977 554 3052; x_wconf 92' lang='lat' dir='ltr'><strong>inquit</strong></span> <span class='ocrx_word' id='word_1_227' title='bbox 580 2977 676 3036; x_wconf 90' lang='lat' dir='ltr'><strong>inter</strong></span> <span class='ocrx_word' id='word_1_228' title='bbox 700 2997 757 3037; x_wconf 92' lang='lat' dir='ltr'><strong>eos</strong></span> <span class='ocrx_word' id='word_1_229' title='bbox 781 2980 1016 3053; x_wconf 87' lang='lat' dir='ltr'><strong>nominasset,</strong></span> <span class='ocrx_word' id='word_1_230' title='bbox 1045 2980 1106 3053; x_wconf 91' lang='lat' dir='ltr'><strong>qui</strong></span> 
     </span>
     <span class='ocr_line' id='line_1_31' title="bbox 92 3066 1104 3143; baseline 0.001 -20"><span class='ocrx_word' id='word_1_231' title='bbox 92 3066 134 3124; x_wconf 91' lang='lat' dir='ltr'><strong>ad</strong></span> <span class='ocrx_word' id='word_1_232' title='bbox 170 3067 308 3124; x_wconf 85' lang='lat' dir='ltr'><strong>inferos</strong></span> <span class='ocrx_word' id='word_1_233' title='bbox 346 3067 523 3125; x_wconf 89' lang='lat' dir='ltr'><strong>adissent</strong></span> <span class='ocrx_word' id='word_1_234' title='bbox 556 3084 593 3124; x_wconf 88' lang='lat' dir='ltr'><strong>ac</strong></span> <span class='ocrx_word' id='word_1_235' title='bbox 626 3067 820 3142; x_wconf 91' lang='lat' dir='ltr'><strong>redissent,</strong></span> <span class='ocrx_word' id='word_1_236' title='bbox 858 3066 1104 3143; x_wconf 84' lang='lat' dir='ltr'><strong>dixissetque</strong></span> 
     </span>
     <span class='ocr_line' id='line_1_32' title="bbox 92 3148 1144 3234; baseline 0.003 -22"><span class='ocrx_word' id='word_1_237' title='bbox 92 3148 180 3232; x_wconf 80' lang='lat' dir='ltr'><strong>[Aea.</strong></span> <span class='ocrx_word' id='word_1_238' title='bbox 198 3149 315 3232; x_wconf 77' lang='lat'><strong>6,122]</strong></span> <span class='ocrx_word' id='word_1_239' title='bbox 332 3149 428 3230; x_wconf 75' lang='lat' dir='ltr'><strong>‘quid</strong></span> <span class='ocrx_word' id='word_1_240' title='bbox 442 3155 590 3228; x_wconf 82' lang='lat' dir='ltr'><strong>Thesea,</strong></span> <span class='ocrx_word' id='word_1_241' title='bbox 607 3175 772 3234; x_wconf 85' lang='lat' dir='ltr'><strong>magnum</strong></span> <span class='ocrx_word' id='word_1_242' title='bbox 788 3150 802 3231; x_wconf 65' lang='lat' dir='ltr'><em>f</em></span> <span class='ocrx_word' id='word_1_243' title='bbox 819 3156 905 3231; x_wconf 88' lang='lat' dir='ltr'><strong>quid</strong></span> <span class='ocrx_word' id='word_1_244' title='bbox 918 3175 1104 3215; x_wconf 91' lang='lat' dir='ltr'><strong>memorem</strong></span> <span class='ocrx_word' id='word_1_245' title='bbox 1133 3175 1144 3215; x_wconf 83' lang='lat' dir='ltr'><strong>s</strong></span> 
     </span>
     <span class='ocr_line' id='line_1_33' title="bbox 90 3242 1104 3321; baseline 0.002 -19"><span class='ocrx_word' id='word_1_246' title='bbox 90 3243 265 3303; x_wconf 82' lang='lat' dir='ltr'><strong>Alciden?</strong></span> <span class='ocrx_word' id='word_1_247' title='bbox 301 3247 335 3302; x_wconf 91' lang='lat' dir='ltr'><strong>et</strong></span> <span class='ocrx_word' id='word_1_248' title='bbox 357 3247 403 3302; x_wconf 92' lang='lat' dir='ltr'><strong>mi</strong></span> <span class='ocrx_word' id='word_1_249' title='bbox 426 3263 537 3321; x_wconf 86' lang='lat' dir='ltr'><strong>genus</strong></span> <span class='ocrx_word' id='word_1_250' title='bbox 557 3244 599 3302; x_wconf 92' lang='lat' dir='ltr'><strong>ab</strong></span> <span class='ocrx_word' id='word_1_251' title='bbox 618 3245 702 3304; x_wconf 92' lang='lat' dir='ltr'><strong>Iove</strong></span> <span class='ocrx_word' id='word_1_252' title='bbox 721 3264 853 3304; x_wconf 87' lang='lat' dir='ltr'><strong>summo</strong></span> <span class='ocrx_word' id='word_1_253' title='bbox 875 3242 953 3320; x_wconf 88' lang='lat' dir='ltr'><strong>est&#39;,</strong></span> <span class='ocrx_word' id='word_1_254' title='bbox 976 3249 1104 3320; x_wconf 83' lang='lat' dir='ltr'><strong>postea</strong></span> 
     </span>
     <span class='ocr_line' id='line_1_34' title="bbox 91 3327 1107 3414; baseline 0.001 -23"><span class='ocrx_word' id='word_1_255' title='bbox 91 3336 208 3392; x_wconf 89' lang='lat' dir='ltr'><strong>tamen</strong></span> <span class='ocrx_word' id='word_1_256' title='bbox 226 3334 339 3391; x_wconf 86' lang='lat' dir='ltr'><strong>infert</strong></span> <span class='ocrx_word' id='word_1_257' title='bbox 359 3331 400 3408; x_wconf 89' lang='lat'><strong>[6,</strong></span> <span class='ocrx_word' id='word_1_258' title='bbox 419 3327 510 3412; x_wconf 85' lang='lat'><strong><em>617]:</em></strong></span> <span class='ocrx_word' id='word_1_259' title='bbox 530 3328 645 3392; x_wconf 81' lang='lat' dir='ltr'><strong>‘sedet</strong></span> <span class='ocrx_word' id='word_1_260' title='bbox 662 3336 918 3411; x_wconf 89' lang='lat' dir='ltr'><strong>aeternumque</strong></span> <span class='ocrx_word' id='word_1_261' title='bbox 937 3335 1077 3394; x_wconf 90' lang='lat' dir='ltr'><strong>sedebit</strong></span> <span class='ocrx_word' id='word_1_262' title='bbox 1093 3327 1107 3414; x_wconf 71' lang='lat' dir='ltr'><strong>l</strong></span> 
     </span>
    </p>
   </div>
   <div class='ocr_carea' id='block_1_6' title="bbox 90 3417 1142 3677">
    <p class='ocr_par' dir='ltr' id='par_1_7' title="bbox 90 3417 1142 3677">
     <span class='ocr_line' id='line_1_35' title="bbox 90 3417 1104 3500; baseline 0.003 -21"><span class='ocrx_word' id='word_1_263' title='bbox 90 3422 220 3481; x_wconf 82' lang='lat' dir='ltr'><strong>infelix</strong></span> <span class='ocrx_word' id='word_1_264' title='bbox 240 3417 420 3481; x_wconf 85' lang='lat' dir='ltr'><strong>Theseus’.</strong></span> <span class='ocrx_word' id='word_1_265' title='bbox 462 3422 524 3497; x_wconf 90' lang='lat' dir='ltr'><strong>qui</strong></span> <span class='ocrx_word' id='word_1_266' title='bbox 543 3425 661 3480; x_wconf 88' lang='lat' dir='ltr'><strong>autem</strong></span> <span class='ocrx_word' id='word_1_267' title='bbox 682 3425 781 3498; x_wconf 92' lang='lat' dir='ltr'><strong>inquit</strong></span> <span class='ocrx_word' id='word_1_268' title='bbox 803 3425 890 3483; x_wconf 85' lang='lat' dir='ltr'><strong>fieri</strong></span> <span class='ocrx_word' id='word_1_269' title='bbox 909 3428 1041 3500; x_wconf 90' lang='lat' dir='ltr'><strong>potest,</strong></span> <span class='ocrx_word' id='word_1_270' title='bbox 1065 3427 1104 3482; x_wconf 91' lang='lat' dir='ltr'><strong>ut</strong></span> 
     </span>
     <span class='ocr_line' id='line_1_36' title="bbox 91 3511 1102 3589; baseline 0.002 -19"><span class='ocrx_word' id='word_1_271' title='bbox 91 3515 276 3570; x_wconf 89' lang='lat' dir='ltr'><strong>aeternum</strong></span> <span class='ocrx_word' id='word_1_272' title='bbox 299 3515 386 3586; x_wconf 88' lang='lat' dir='ltr'><strong>aput</strong></span> <span class='ocrx_word' id='word_1_273' title='bbox 407 3512 544 3580; x_wconf 89' lang='lat' dir='ltr'><strong>inferos</strong></span> <span class='ocrx_word' id='word_1_274' title='bbox 568 3511 704 3580; x_wconf 85' lang='lat' dir='ltr'><strong>sedeat,</strong></span> <span class='ocrx_word' id='word_1_275' title='bbox 729 3532 827 3588; x_wconf 90' lang='lat' dir='ltr'><strong>quem</strong></span> <span class='ocrx_word' id='word_1_276' title='bbox 849 3533 956 3589; x_wconf 90' lang='lat' dir='ltr'><strong>supra</strong></span> <span class='ocrx_word' id='word_1_277' title='bbox 974 3532 1049 3572; x_wconf 87' lang='lat' dir='ltr'><strong>oum</strong></span> <span class='ocrx_word' id='word_1_278' title='bbox 1072 3515 1102 3572; x_wconf 89' lang='lat' dir='ltr'><strong>is</strong></span> 
     </span>
     <span class='ocr_line' id='line_1_37' title="bbox 90 3600 1142 3677; baseline 0.002 -19"><span class='ocrx_word' id='word_1_279' title='bbox 90 3602 264 3676; x_wconf 91' lang='lat' dir='ltr'><strong>nominat,</strong></span> <span class='ocrx_word' id='word_1_280' title='bbox 294 3603 354 3676; x_wconf 92' lang='lat' dir='ltr'><strong>qui</strong></span> <span class='ocrx_word' id='word_1_281' title='bbox 382 3600 633 3660; x_wconf 85' lang='lat' dir='ltr'><strong>descenderint</strong></span> <span class='ocrx_word' id='word_1_282' title='bbox 659 3601 749 3660; x_wconf 90' lang='lat' dir='ltr'><strong>illuc</strong></span> <span class='ocrx_word' id='word_1_283' title='bbox 777 3606 884 3677; x_wconf 91' lang='lat' dir='ltr'><strong>atque</strong></span> <span class='ocrx_word' id='word_1_284' title='bbox 914 3603 996 3660; x_wconf 92' lang='lat' dir='ltr'><strong>inde</strong></span> <span class='ocrx_word' id='word_1_285' title='bbox 1024 3620 1142 3661; x_wconf 87' lang='lat' dir='ltr'><strong>rur-1⁰</strong></span> 
     </span>
    </p>
   </div>
   <div class='ocr_carea' id='block_1_7' title="bbox 891 3701 942 3754">
    <p class='ocr_par' dir='ltr' id='par_1_8' title="bbox 891 3701 942 3754">
     <span class='ocr_line' id='line_1_38' title="bbox 891 3701 942 3754; baseline -0.02 0"><span class='ocrx_word' id='word_1_286' title='bbox 891 3701 942 3754; x_wconf 80' lang='lat'><strong>34*</strong></span> 
     </span>
    </p>
   </div>
   <div class='ocr_carea' id='block_1_8' title="bbox 0 0 1256 3904">
    <p class='ocr_par' dir='ltr' id='par_1_9' title="bbox 0 0 1256 3904">
     <span class='ocr_line' id='line_1_39' title="bbox 0 0 1256 3904; baseline 0 1"><span class='ocrx_word' id='word_1_287' title='bbox 0 0 1256 3904; x_wconf 95' lang='lat' dir='ltr'><strong> </strong></span> 
     </span>
    </p>
   </div>
  </div>
 </body>
</html>
