2442 3902
155 195 221 259 394
305 194 510 250 Grammaticos
528 195 630 250 aetatis
649 195 840 249 Varronianae
860 195 1023 266 fragmenta

114 375 140 416 1⁰
155 381 378 440 quocumque
419 367 601 438 venerint,
641 364 731 423 hanc
769 365 840 423 sibi
876 385 948 424 rem
984 365 1146 440 praesidio

154 457 302 529 sperant
325 453 494 512 futurum.

228 542 296 598 Geli.
316 548 341 609 1,
359 546 418 608 7,r
445 542 476 595 in
495 542 621 597 oratione
641 541 780 598 Ciceronis
800 543 900 611 quinta
918 544 949 596 in
963 543 1076 598 Verrem
1093 542 1152 614 [167]

153 613 184 667 in
207 613 249 685 [in
269 614 393 668 Baetici:
417 631 470 671 omi
487 614 557 685 rell]
583 613 656 668 libro
681 617 824 682 spectatae
847 615 913 671 fidei
932 613 1082 668 Tironiana
1101 631 1153 668 cura

154 688 240 752 atque
259 684 410 754 discipline
433 686 508 739 facto
532 686 584 757 [aie
597 687 775 740 Pal-Vatic:
795 687 838 740 ita
852 685 928 741 facto
942 687 985 739 ita
998 688 1067 758 rell]
1084 685 1153 738 scrib·

154 759 215 810 tum
233 755 300 810 fuit:
324 770 425 810 homines
439 789 466 796 —
479 771 585 810 fusurum.
622 757 771 811 videbatur
794 757 984 826 compluribus
1002 758 1033 810 in
1051 759 1152 812 extrem

153 828 238 882 verbo
258 828 360 882 menda
379 845 450 892 esse;
471 828 601 882 debuisse
620 829 694 882 enim
713 828 800 882 scribi
813 829 953 897 putabant
967 846 1025 883 non
1038 828 1152 888 futurum,

154 900 203 954 sed
222 898 354 953 futuram.
391 901 426 967 cf.
445 901 533 954 Prisc.
547 904 656 969 p.475,
672 905 714 954 18.

226 1003 241 1048 2
265 997 396 1050 viderunt
421 996 470 1050 ubi
495 1013 588 1064 neque
614 998 668 1053 Cic.
747 1003 762 1051 3
782 1015 841 1050 esse
867 998 901 1051 iis
928 998 1087 1052 Pol-Vatis.
1108 995 1151 1050 Cic.

155 1068 253 1122 essetis
271 1069 329 1122 rell.
402 1073 471 1122 dac
545 1068 735 1137 epericulum
809 1077 840 1122 11
862 1071 986 1122 tuturam
1007 1069 1059 1124 Cic.

586 1213 609 1270 2
632 1204 736 1291 [deest]

221 1311 445 1386 perangusto
469 1309 566 1367 fretu
590 1307 709 1367 divisa

228 1398 464 1464 Ge11.13,21,15
489 1397 573 1452 sicuti
596 1398 690 1452 Marco
714 1398 800 1452 etiam
820 1397 946 1452 Ciceroni
969 1397 1077 1452 mollius
1093 1401 1152 1449 tere

154 1469 266 1535 tiusque
299 1469 389 1522 visum
425 1469 454 1522 in
487 1469 588 1537 quinta
619 1470 649 1522 in
681 1469 797 1523 Verrem
834 1470 913 1552 [169]
944 1468 1019 1522 fretu
1050 1467 1153 1522 scribare

154 1556 238 1607 quam
258 1539 342 1594 freto:
362 1566 451 1604 perag.
480 1541 573 1607 inquit
586 1556 613 1594 rr.
628 1554 707 1595 nra-na
724 1542 784 1594 erat
799 1557 873 1595 emm
889 1542 1009 1595 crassius
1022 1540 1075 1594 iam
1086 1541 1153 1592 vetn-

154 1611 281 1679 stiueque
302 1612 483 1682 ‘perangusto
503 1611 586 1666 freto'
608 1613 708 1666 dicere.
732 1613 764 1666 de
787 1613 886 1666 Tirone
904 1613 1005 1666 editore
1027 1613 1067 1667 od.
1083 1613 1115 1678 fr.
1132 1614 1152 1662 3.

588 1757 608 1812 3
632 1748 736 1833 [esest]

220 1871 319 1910 nemo
339 1853 391 1910 ita
410 1853 570 1926 vivebat,
589 1851 748 1911 utnulla
767 1853 842 1912 eius
860 1811 958 1911 vilae
978 1872 1058 1929 pars
1075 1870 1153 1910 snm-

153 1960 228 1999 mae
251 1927 495 2016 turpitudinis
519 1944 613 2000 esset
636 1960 776 2017 expers,
801 1960 901 2001 nemo
925 1945 979 2001 ita
1002 1942 1037 2000 in
1058 1939 1153 2000 mani-

154 2029 247 2089 festo
270 2035 419 2106 peccatu
443 2031 647 2105 tenebatur,
671 2033 710 2090 ut
734 2050 810 2090 eum
837 2030 1015 2106 inpudens
1041 2031 1153 2089 inisset

153 2121 188 2177 in
220 2121 330 2192 facto,
361 2123 433 2177 tum
463 2119 699 2196 inpudentior
728 2120 927 2195 videretur,
955 2123 987 2179 si
1015 2119 1154 2198 negaret.

227 2209 295 2263 Geli.
314 2210 381 2263 ibid.
397 2214 431 2264 16
455 2209 556 2262 itidem
581 2210 611 2261 in
637 2211 760 2263 secunda
783 2209 869 2262 simili
893 2227 959 2263 usus
983 2207 1153 2264 modulamine

155 2280 316 2334 ‘manifesto
330 2281 460 2349 peccatu'
476 2281 578 2349 inquit,
592 2297 648 2333 non
665 2281 818 2349 ‘peccato’3
833 2281 886 2334 boc
901 2281 978 2334 enim
992 2277 1153 2348 scriptumin

153 2368 209 2406 uno
230 2353 314 2419 atque
333 2352 363 2404 in
382 2351 470 2405 altero
490 2351 703 2419 antiquissimae
716 2351 783 2405 fidei
798 2352 870 2406 libro
885 2351 1037 2406 Tironiano
1051 2348 1153 2419 repperi.

153 2423 239 2477 verba
258 2425 324 2476 sunt
343 2422 483 2476 Ciceronis
501 2423 571 2476 haee
591 2424 682 2494 [191]:
701 2447 766 2478 namo
782 2456 808 2463 -
821 2441 920 2487 nogara.

573 2565 612 2621 *4
703 2583 717 2623 e

220 2659 334 2741 (Tiro)
347 2665 449 2738 posuit
463 2663 538 2721 hanc
558 2657 604 2741 [ie
619 2559 824 2741 liielebstinem]
845 2663 924 2720 inter
944 2681 994 2722 eas
1013 2663 1153 2724 orationes

153 2771 228 2829 quas
243 2753 319 2812 dixit
335 2752 436 2811 Cicero
446 2751 478 2809 L.
492 2751 622 2810 Domitio
632 2751 731 2827 Appio
742 2750 868 2811 Claudio
883 2770 956 2811 coss.
975 2746 1017 2831 [a.
1029 2741 1153 2825 wollt}

152 2843 296 2901 ultimam.

225 2933 324 2987 Aeson.
344 2933 374 2984 in
394 2933 428 2986 L.
444 2932 502 2984 Pis.
517 2936 574 2999 pl
590 2930 660 2984 K-s.
680 2929 775 3002 (uro)
795 2931 910 3000 quidem
932 2945 1010 2994 pasuri
1023 2963 1049 2970 -
1062 2943 1152 2984 numm

153 3005 203 3058 sed
221 3006 253 3057 ut
267 3020 320 3073 ego
340 3003 375 3056 ab
395 3020 426 3057 ec
446 3002 611 3056 dissentiam
630 3001 700 3055 facit
718 3003 848 3070 primum,
868 3002 943 3069 quod
962 3002 1026 3056 Piso
1044 3013 1152 3054 serenus

153 3079 197 3130 est
210 3091 244 3130 ex
258 3074 403 3143 provincia
412 3073 545 3142 Pompeio
560 3075 588 3126 et
599 3072 697 3127 Crasso
713 3072 883 3140 consulibus,
898 3072 1036 3127 Gabinius
1048 3068 1152 3126 Domitio

153 3149 183 3200 et
201 3146 306 3215 Appios
332 3147 405 3199 hanc
425 3147 519 3198 autem
538 3144 695 3198 orationem
714 3145 821 3198 dictam
840 3147 905 3198 ante
925 3143 1030 3198 Gabini
1047 3142 1152 3197 reditum

154 3235 187 3270 ex
205 3218 268 3287 ipsa
286 3217 468 3271 manifestum
483 3219 537 3282 est3
557 3215 659 3269 deinde
678 3217 754 3284 quod
771 3217 862 3286 magis
882 3217 930 3287 [m.
945 3233 972 3284 q.
989 3217 1023 3288 C]
1041 3209 1152 3292 saurae

153 3291 205 3354 est,
224 3290 257 3341 nt
274 3287 339 3341 Piso
358 3288 412 3359 [ito
432 3289 547 3343 Rinkes:
567 3288 628 3356 ipso
649 3288 682 3358 C]
701 3288 807 3341 recenti
826 3288 920 3341 reditu
938 3287 1064 3341 invectus
1081 3284 1114 3336 sit
1129 3297 1152 3334 m

155 3357 314 3411 Ciceronem
332 3359 564 3427 responderitque
583 3359 763 3413 insectationi
782 3361 850 3425 eius,
870 3374 927 3428 qua
945 3361 1088 3412 revocatus
1103 3356 1152 3408 erat

154 3442 188 3477 ex
205 3428 357 3494 provincia,
376 3445 461 3494 quam
479 3431 544 3496 post
562 3429 630 3481 anni
648 3429 834 3482 intervallum.

155 3521 416 3655 hmangtTPirQodd.
440 3525 471 3575 in
496 3525 546 3577 loc.
573 3525 782 3592 Kiessl-Sebcell
808 3523 902 3593 Nepos
925 3528 1047 3592 praefert
1071 3521 1152 3576 Hilde-
