2442 3902
164 149 230 214 330
313 151 519 206 Grammaticus
537 153 641 208 aetatis
659 152 851 206 varronianae
870 151 1028 228 fragmenta

634 324 702 382 322

230 429 260 486 et
286 430 318 487 in
346 428 477 487 carmine
505 431 535 487 et
562 428 595 487 in
622 429 722 488 soluta
754 430 889 498 oratione
921 448 1030 509 genera
1061 430 1153 490 dicendi

162 516 331 592 probabilia
345 521 415 577 sunt
428 520 496 593 tria,
513 537 590 594 quae
606 518 712 578 Graeci
725 527 908 597 χαρακτῆρας
921 523 1031 580 vocant
1044 522 1154 580 nomina·

163 626 222 683 que
245 609 287 666 eis
309 608 444 666 iecerunt
470 604 562 685 ἁδρὸν
586 606 687 686 ἰσχνὸν
711 605 807 684 μέσον.
854 627 911 668 nos
931 628 1060 685 quoque,
1089 619 1155 686 quen

162 698 293 772 primum
319 698 486 774 posuimus,
513 697 634 756 uberem
657 715 811 772 vocamus,
842 699 1005 757 secundum
1028 700 1155 778 gracilem,

136 788 287 845 rursm
312 787 498 846 mediocrem
544 787 630 845 uses
652 787 783 866 armins
812 790 902 864 ecque
930 788 1094 864 amplitudo
1117 791 1155 860 α,

162 876 268 954 gracili
286 879 426 935 venustas
445 878 475 934 et
493 875 653 950 subtilitas,
676 876 789 936 medius
808 877 840 934 in
859 877 986 937 confinio
1006 881 1053 938 est
1069 880 1156 937 utriu-

163 984 219 1041 que
237 964 318 1023 modi
341 968 498 1041 particeps.
535 967 581 1025 his
600 966 726 1044 singulis
749 967 894 1026 orationis
914 968 1078 1027 virtutibus
1098 969 1156 1025 vilia

162 1058 273 1132 agnata
291 1058 362 1114 sunt
383 1057 451 1130 pari
473 1074 606 1130 numero,
630 1075 706 1132 quae
724 1075 826 1114 aarum
848 1056 969 1116 modum
988 1059 1020 1116 et
1041 1057 1155 1116 habiturn

162 1145 329 1203 simulacris
357 1145 441 1204 falsis
469 1147 678 1204 ementiuntur.
725 1145 767 1205 sic
793 1145 971 1221 plerumque
995 1147 1104 1206 sufflati
1122 1149 1155 1203 at

122 1253 147 1293 rc
162 1253 219 1309 que
241 1233 350 1293 tumidi
372 1235 483 1293 fallunt
505 1254 560 1310 pro
583 1234 737 1309 uberibus,
768 1235 937 1310 squalentes
966 1238 997 1294 et
1023 1235 1157 1294 ieiunidici

161 1342 216 1399 pro
238 1323 408 1402 gracilibus,
433 1325 540 1382 incerti
563 1327 593 1382 et
616 1323 752 1402 ambigui
773 1343 828 1400 pro
851 1323 1059 1384 mediocribus.
1101 1343 1157 1383 vera

162 1414 263 1470 autem
278 1415 308 1470 et
326 1414 447 1489 propria
460 1413 581 1472 huiusce
596 1413 675 1471 modi
691 1413 855 1472 formarum
873 1414 1008 1490 exempla
1022 1416 1054 1472 in
1066 1413 1157 1473 Latina

161 1502 264 1579 lingua
282 1501 321 1560 M.
335 1501 431 1561 Varro
456 1521 518 1561 esse
538 1502 612 1561 dicit
634 1502 780 1561 ubertatis
798 1502 973 1579 Pacuvium,
997 1503 1157 1581 gracilitatis

161 1590 324 1664 Lucilium,
356 1592 570 1651 mediocritatis
599 1591 778 1650 Terentium.
824 1591 875 1651 sed
905 1611 940 1651 ea
969 1594 1037 1668 ipsa
1066 1610 1158 1670 genera

122 1679 279 1738 indicendi
305 1682 366 1738 iam
394 1679 562 1756 antiquitus
589 1681 703 1740 tradita
730 1682 767 1740 ab
794 1681 925 1741 Homero
955 1685 1027 1742 sunt
1055 1679 1157 1741 triain
1212 1685 1213 1728 ξ

160 1768 270 1828 tribus:
292 1769 484 1848 magnificum
501 1772 534 1830 in
548 1770 634 1829 Ulixe
653 1773 684 1829 et
701 1770 848 1845 ubertum,
867 1771 976 1830 subtile
993 1774 1027 1830 in
1040 1771 1157 1830 Menelao

161 1861 191 1916 et
210 1858 383 1933 cohibitum,
406 1861 535 1918 mixtum
556 1859 801 1936 moderatumque
819 1861 852 1918 in
870 1860 1004 1920 Nestore.
1042 1857 1157 1919 animad-

160 1967 246 2008 versa
273 1948 375 2007 eadem
403 1949 555 2025 tripertita
582 1951 713 2009 varietas
737 1949 835 2009 estin
857 1948 953 2009 tribus
981 1949 1158 2026 philosophis,

161 2056 235 2113 quos
262 2037 458 2097 Athenienses
486 2039 611 2100 Romam
639 2039 676 2096 ad
704 2041 839 2098 senatum
867 2040 973 2115 populi
995 2035 1070 2118 (R)
1091 2039 1158 2116 lega·

121 2146 147 2184 ao
161 2129 267 2186 verant
293 2129 490 2203 inpetratum,
520 2130 566 2186 uti
588 2129 717 2187 multam
743 2128 922 2201 remitteret,
950 2148 1042 2204 quam
1063 2129 1158 2188 fecerat

160 2217 186 2275 is
210 2219 332 2292 propter
355 2216 447 2293 Oropi
470 2217 676 2277 vastationem.
723 2236 759 2276 ea
780 2217 878 2276 multa
901 2219 1002 2278 fuerat
1026 2219 1158 2278 talentum

161 2305 221 2365 fere
241 2307 444 2383 quingentum.
483 2310 567 2366 crant
590 2307 641 2366 isti
663 2307 835 2383 philosophi
854 2307 1022 2368 Carneades
1046 2327 1078 2367 ex
1095 2307 1158 2366 Aea·

160 2395 270 2470 demia,
301 2395 448 2472 Diogenes
478 2395 608 2471 StoicuS,
641 2394 789 2456 Critolaus
812 2395 1040 2473 Peripateticus.
1084 2397 1158 2456 etin

159 2487 296 2544 senatum
325 2485 443 2560 quidem
470 2485 635 2544 introducti
660 2487 822 2561 interprete
850 2488 898 2545 usi
926 2489 998 2546 sunt
1027 2485 1057 2546 O.
1075 2485 1158 2545 Acilio

119 2591 145 2632 re
160 2576 307 2650 senatore,
331 2575 382 2633 sed
406 2578 474 2633 ante
497 2575 556 2649 ipsi
579 2593 711 2634 seorsum
732 2577 859 2651 quisque
882 2577 1054 2634 ostentandi
1075 2574 1159 2654 gratia

159 2679 268 2740 magno
287 2667 434 2724 conventu
452 2664 606 2723 hominum
620 2664 864 2723 dissertaverunt.
897 2669 963 2722 tum
982 2662 1159 2724 admirationi

159 2752 250 2812 fuisse
283 2753 370 2812 aiunt
401 2753 532 2812 Rutilius
571 2748 687 2832 [ΗΕΓ
708 2747 794 2832 3Ρ.]
828 2755 857 2812 et
888 2753 1034 2830 Polybius
1071 2747 1159 2833 [33,2

154 2860 185 2914 p.
208 2843 293 2900 1287
312 2836 367 2922 H.]
400 2843 645 2918 philosophorum
677 2843 771 2902 trium
803 2845 850 2902 sui
879 2844 1026 2920 cuiusque
1057 2841 1158 2922 generis

158 2930 337 2989 facundiam.
384 2933 546 2990 violenta
578 2933 719 3007 inquiunt
748 2935 783 2990 et
812 2932 940 3008 rapida
972 2931 1157 2992 carneades

118 3019 316 3094 addicebat,
345 3022 437 3079 scita
460 3023 494 3081 et
521 3023 655 3081 teretia
679 3019 875 3096 Critolaus,
906 3022 1067 3082 modesta
1088 3021 1158 3078 Dic·

158 3127 264 3186 genes
288 3113 322 3168 et
344 3110 473 3169 sobria.

184 3210 187 3218 '
232 3207 298 3264 Geli.
315 3212 394 3276 6,14
412 3227 434 3263 u
452 3225 476 3263 m
494 3224 591 3264 carmine
610 3241 636 3248 —
655 3227 677 3264 α
695 3225 775 3264 socna.
811 3226 898 3262 unum
921 3209 1053 3278 qnodque
1077 3209 1156 3263 anan

157 3296 255 3350 genus,
274 3282 306 3333 ut
325 3280 454 3346 diximus,
481 3297 543 3335 cum
563 3283 640 3335 caste
658 3281 816 3350 pudiceque
835 3284 958 3348 ornatur,
976 3281 1010 3334 fic
1027 3279 1156 3341 illustrius,

158 3369 221 3403 cum
239 3349 350 3404 fucatur
369 3354 454 3416 atque
471 3352 647 3418 praelinitur,
667 3353 699 3406 fit
712 3351 937 3422 praestigiosum.
962 3359 1021 3422 leq.
1031 3354 1065 3420 cf.
1077 3352 1155 3422 Quint.

158 3425 319 3484 12,10,58.
358 3421 463 3475 Fronto
482 3439 507 3488 p.
529 3427 563 3476 54
582 3425 620 3478 N.
641 3425 718 3479 Rbet.
738 3426 785 3478 lat.
807 3425 871 3476 urin.
889 3441 919 3493 p.
935 3427 1043 3489 126,1.
1062 3426 1122 3486 136,
1134 3423 1153 3472 9.
1208 3455 1209 3488 ,

158 3493 219 3553 515,
228 3493 273 3542 27.
290 3494 352 3554 561,
364 3495 380 3542 7
387 3491 426 3543 Η.
455 3492 539 3547 Sobel.
551 3495 635 3547 Rern.
649 3511 677 3561 p.
689 3498 750 3559 742,
761 3497 798 3547 58
809 3494 845 3546 H.
868 3494 961 3549 ’GGL
976 3494 1022 3549 VI
1030 3499 1091 3549 207.
1104 3493 1153 3546 199.

158 3556 248 3622 Krcll,
268 3559 319 3612 Re.
337 3560 412 3614 Mus.
429 3565 472 3625 62,
487 3566 532 3615 86.
603 3571 678 3633 lleq.
698 3567 732 3632 cf.
749 3565 855 3619 diocto
869 3581 900 3633 p.
915 3565 1016 3620 113Ν.
1045 3561 1152 3620 Eune.
