2534 3908
345 157 387 212 De
405 157 480 211 ludis
498 157 658 212 litterarum
676 160 705 212 et
722 159 865 228 magistris
1078 156 1116 209 XI

100 326 236 403 exemplo
259 327 320 384 fuit
343 325 381 384 ud
403 325 590 384 imitandum.
635 325 778 385 hactenns
801 329 902 384 temen
930 327 1055 398 imitati,
1082 328 1116 384 ut

99 418 233 476 carmine
260 434 368 490 parum
396 415 491 474 adhuc
518 413 673 492 divolgata
700 415 748 473 vel
776 415 984 474 defunctorum
1007 414 1115 474 amico·
1132 430 1156 470 ιο

97 525 165 563 rum
188 504 238 563 vel
261 506 288 563 si
310 523 436 580 quorum
460 503 587 563 aliorum
605 502 790 580 probassent,
813 504 987 581 diligentius
1005 507 1115 562 retrac-

96 596 199 652 tarent
232 613 266 652 ac
297 593 423 670 legendo
456 592 741 668 commentandoque
773 595 865 652 etiam
902 595 1007 652 ceteris
1044 595 1117 651 nota

96 684 239 742 iacerent.
282 684 380 753 topatio
401 683 516 738 Oratctic
530 685 621 738 cadem
639 699 693 737 esec
706 683 814 738 videtur
827 699 897 752 quae
909 683 949 737 ad
963 701 988 736 a.
999 682 1117 753 5861168

97 783 114 817 ιι
132 766 218 818 Liuio
241 769 406 818 πεποταιαν·
428 764 608 832 (45,13,12;
632 764 667 830 of.
687 759 818 830 Leo,P1.
838 763 918 831 Ep.
938 766 977 817 29
1000 761 1064 816 udo.
1081 764 1115 830 1).

97 836 179 890 aliter
201 835 309 890 Julzien
327 852 357 903 p.
373 832 435 889 369.
471 835 505 901 ο1.
522 837 604 889 ctiam
627 834 737 905 Sandys
757 838 901 903 1115689.
929 840 1044 889 ceteram
1062 834 1117 888 ον’νι

99 907 217 962 Cratetis
244 907 282 959 ad
306 906 493 960 Βοναααονννι
519 907 728 976 prammatioam
756 907 842 960 altior
869 907 929 960 tolli
951 921 1008 960 πονι
1031 905 1117 970 licere,

96 979 180 1032 uerba
204 977 350 1046 ‘quautam
373 978 531 1046 opinamur'
556 979 702 1032 ostendunt
725 979 769 1044 (cf.
788 978 951 1046 panentu
974 976 1117 1042 Susemihl,

99 1049 207 1103 θτίοολ.
224 1049 292 1103 niet.
314 1049 340 1102 6.
355 1048 435 1103 Alea.
449 1051 481 1114 2,
495 1050 575 1118 4eq.).
631 1049 695 1102 adu.
720 1050 779 1104 crit.
803 1049 847 1103 νιλ.
871 1049 949 1118 apud
968 1049 1047 1103 Varr.
1062 1049 1079 1101 l.
1095 1065 1116 1102 e.

98 1119 130 1174 dc
150 1119 258 1174 Gratata
276 1121 311 1187 cf.
332 1119 545 1186 OWochemuth,
563 1119 596 1174 de
616 1120 720 1175 Gratata
740 1120 861 1175 Mallote
879 1121 1005 1188 (Lipsiae
1025 1120 1117 1188 1860).

174 1230 199 1280 6.
224 1242 250 1279 ο.
276 1225 403 1296 6941160
430 1226 599 1280 Isocrates
623 1226 818 1296 prommoticus
842 1228 968 1296 captiuus
991 1244 1010 1281 a
1033 1226 1118 1297 Syria

96 1298 317 1438 mesplppgt,
335 1297 382 1352 sed
395 1297 420 1350 is
433 1303 519 1352 mute
532 1303 629 1366 captas
643 1297 748 1368 (Polyb.
764 1302 808 1364 31,
818 1302 862 1363 33,
873 1303 898 1352 5.
918 1301 963 1364 32,
973 1303 998 1364 4,
1007 1301 1035 1351 9.
1055 1301 1081 1364 3,
1092 1302 1117 1352 6.

169 1495 197 1550 7.
226 1491 283 1552 oa.
302 1492 389 1551 Brut
410 1495 474 1551 104
497 1493 558 1550 fuit
581 1489 730 1552 Gracchus
754 1484 906 1570 [Tiberius
928 1511 956 1551 ο.
978 1485 1118 1572 5911163

98 1575 203 1660 uatus]
242 1581 399 1659 diligentia
436 1579 590 1641 Corneliae
626 1583 732 1640 matris
770 1599 788 1639 a
823 1599 915 1656 puero
949 1581 1052 1640 doctus
1088 1583 1119 1639 et

99 1668 221 1729 Graecis
250 1670 359 1730 litteris
388 1670 529 1730 eruditus.
575 1689 646 1728 nam
674 1688 790 1745 semper
816 1669 923 1728 hebuit
955 1671 1118 1745 exquisitos

100 1779 116 1818 e
140 1759 267 1818 Graecia
290 1761 460 1836 magistros,
483 1761 515 1817 in
539 1761 580 1818 eis
608 1761 669 1818 iam
698 1759 870 1818 adulescens
894 1759 1117 1834 Diophanem

98 1848 362 1924 Mytilenaeum
395 1846 536 1908 Graeciae
568 1847 752 1925 temporibus
785 1847 846 1908 illis
879 1849 1116 1908 disertissimum.
1146 1862 1157 1903 ι

101 1940 136 2006 cf.
156 1938 233 1992 Plus.
255 1937 297 1991 Ti.
320 1937 369 1993 Gr.
385 1942 412 1992 8.
429 1943 474 1993 99.
520 1937 598 1996 Plus.
620 1937 651 1996 O.
673 1937 725 1998 Gr.
747 1939 788 1995 19
812 1933 831 2014 ἡ
855 1937 1008 2017 Κορνηλία
1022 1969 1065 1978 -
1080 1929 1117 2014 ἦν

102 2021 134 2084 δὲ
157 2023 325 2101 πολύφιλος
347 2023 397 2084 κοιλ
421 2023 469 2084 διὰ
492 2026 663 2102 φιλοξενίαν
682 2025 864 2105 εὐτράπεζος,
883 2023 928 2085 νἰελ
948 2023 1001 2103 μὲν
1013 2019 1118 2102 Ἑλλή-

100 2137 164 2174 νων
187 2111 238 2172 καὶ
262 2113 428 2194 φιλολόγων
450 2112 516 2193 περὶ
539 2113 633 2192 αὐτὴν
653 2111 756 2175 ὄντων.
795 2115 860 2174 Vol.
878 2116 965 2174 Mac.
984 2117 1015 2184 4,
1030 2118 1059 2184 4,
1068 2134 1118 2188 pr.

101 2202 243 2262 Gornelia
262 2202 463 2263 Gracchorum
486 2207 590 2278 mater,
614 2223 681 2264 cum
701 2203 854 2280 Gampana
876 2207 1016 2263 matrone
1039 2203 1118 2279 apud

99 2293 186 2352 illam
218 2291 339 2368 hospita
371 2296 546 2352 ornamenta
578 2311 632 2352 sua
663 2293 865 2368 pulcherrima
894 2293 977 2358 illius
1007 2293 1120 2352 saeculi
1134 2308 1159 2348 ro

99 2381 279 2456 ostenderet,
302 2382 396 2440 traxit
419 2400 484 2440 eam
508 2400 649 2456 sermone,
668 2377 838 2460 <donec>e
862 2381 963 2442 schola
986 2381 1119 2440 redirent

98 2471 201 2545 liberi,
226 2473 256 2529 et
280 2465 375 2530 ‘haec'
399 2471 498 2546 inquit
522 2465 709 2530 ‘ornamenta
732 2475 803 2530 sunt
825 2465 912 2529 mea'.

173 2583 205 2632 11
227 2576 316 2631 donee
333 2578 398 2632 odd.
421 2578 502 2633 Gertz
521 2576 588 2630 dum
606 2595 647 2649 op.

172 2703 201 2760 8.
233 2699 338 2759 Strabo
364 2705 415 2770 14,
436 2702 499 2760 650
531 2699 581 2760 καὶ
604 2701 777 2778 Σώστρατος
805 2697 836 2760 δὲ
865 2699 880 2762 ὁ
909 2698 1037 2777 ἀδελφὸς
1065 2709 1117 2760 τοῦ

95 2782 310 2867 Ἀριστοδήμου
329 2783 379 2869 [os.
394 2793 454 2849 test.
468 2784 526 2870 24]
548 2787 598 2850 καὶ
616 2781 702 2863 ἄλλος
718 2783 972 2871 Ἀριστόδημος
992 2787 1117 2866 ἀνεψιὸς

98 2877 193 2938 αὐτοῦ
222 2875 238 2938 ὁ
265 2877 427 2950 παιδεύσας
454 2879 585 2959 Μάγνον
614 2879 775 2957 Πομπήιον
803 2878 951 2959 ἀξιόλογοι
981 2876 1118 2958 γεγόνασι

98 2967 302 3048 γραμματικοί.
331 2969 370 3022 ad
387 2971 508 3038 cpolim
524 2987 662 3026 ονιτιονανιι
677 2970 943 3042 6541100-664190
957 2969 1118 3023 deducimur

99 3049 284 3118 (Hellechcrp.
296 3052 369 3119 378).
389 3051 423 3116 of.
435 3049 713 3120 Susamihl2,183sq.
735 3050 842 3116 Gerokc,
852 3050 905 3104 Ru.
915 3051 1046 3115 Moa62,
1056 3052 1116 3102 119.

167 3166 196 3222 9.
223 3162 280 3223 Gir.
304 3163 393 3222 Brut.
417 3166 484 3224 312
515 3164 618 3225 eodem
649 3168 782 3241 tempore
811 3158 852 3243 [ο.
879 3156 1020 3243 673181]
1043 3163 1115 3221 Μο-

100 3252 176 3312 loni
207 3250 341 3311 dedimus
372 3271 505 3330 operam3
536 3253 681 3313 dictatore
712 3253 791 3312 enim
822 3252 906 3313 Sulla
932 3253 1049 3330 legatus
1079 3251 1117 3309 ad

101 3344 238 3400 senatum
262 3339 298 3400 de
325 3341 510 3402 Rhodiorum
531 3343 672 3418 praemiis
696 3345 826 3401 venerat.
870 3344 986 3409 sortasse
1004 3340 1116 3410 Apollo-

101 3423 165 3476 οιάε
182 3421 261 3477 Molo
280 3423 338 3476 iam
357 3440 431 3478 anuo
447 3423 558 3495 667187
576 3425 690 3478 πλατέαν
704 3424 875 3479 Rhodiorum
893 3421 1038 3492 lcyatiouie
1057 3437 1117 3474 οαιο

102 3493 252 3548 Posidonio
282 3495 369 3563 (Pleu.
394 3496 470 3549 Mor.
495 3497 540 3564 46)
566 3497 706 3565 particeps
734 3496 828 3562 fuerat
857 3493 923 3562 (Cic.
948 3493 1030 3546 Brut.
1055 3495 1117 3555 397,

102 3579 178 3630 quen
202 3565 289 3619 λοοιιοι
312 3566 421 3620 seclusit
443 3566 539 3636 Bake).
577 3567 648 3620 idem
671 3565 888 3620 marmoricae
910 3562 1117 3633 prammotioam
