2460 3900
148 155 193 219 54
331 157 537 211 Grammaticae
557 159 806 212 antevarronianae
825 159 983 228 fragmenta

150 315 381 380 SCRIPTORUM
478 313 480 317 ’

221 428 263 477 17.
284 423 337 477 Cic.
354 426 435 479 Brut.
450 429 508 479 206
533 425 673 479 scribebat
692 426 739 497 [L.
754 426 862 496 Aelius]
886 426 1074 490 orationes,
1098 442 1172 492 quas

149 492 199 547 alii
218 494 351 562 dicerent,
374 498 407 549 ut
426 495 457 561 Q.
473 495 587 551 Metello
611 496 694 566 folio)
719 498 756 568 [a.
773 496 899 568 657s97],
922 499 954 550 ut
978 496 1009 562 Q.
1025 495 1172 564 Caepioni,

148 566 181 618 ut
206 564 237 630 Q.
261 565 395 634 Pompeio
420 567 493 621 Rufo
527 569 564 638 [a.
586 567 711 639 usqam,
744 586 914 636 quamquam
941 569 965 621 is
994 568 1079 621 etiam
1107 568 1173 636 ipse

149 636 261 704 scripsit
284 653 344 703 eas,
368 638 469 706 quibus
492 656 543 708 pro
563 656 592 693 se
611 642 654 694 est
677 657 752 708 usus,
778 639 827 693 sed
850 657 905 693 non
925 640 985 693 sine
1003 639 1098 703 Aeli03
1124 640 1173 692 his

148 707 223 761 enim
249 709 361 777 scriptis
387 710 473 763 etiam
498 710 559 778 ipse
584 710 709 765 interfui.
754 710 791 765 ic.
815 711 882 765 thid.
903 715 957 765 169
988 710 1040 763 illa
1067 711 1174 781 [oratio

152 781 181 832 T.
202 781 313 835 Betucii
331 781 431 852 Barsa]
455 781 561 835 Romae
585 785 683 836 contra
701 782 869 850 Caepionem
891 782 996 836 nobilis
1019 798 1098 850 sane,
1124 782 1174 834 cui

149 850 270 905 orationi
294 850 441 921 Caepionis
466 869 512 907 ore
535 854 681 922 respondit
703 854 813 920 Aelius,
840 853 889 920 qui
912 853 1083 922 scriptitavit
1108 871 1175 907 ora-

147 921 239 975 tiones
257 922 362 989 multis,
383 926 476 977 orator
493 925 555 993 ipse
573 942 726 993 numquam
745 924 807 979 fuit.
841 926 906 980 leid.
926 930 982 981 205
1001 923 1101 979 (lottae
1118 941 1174 992 pro

149 1008 178 1046 se
197 991 260 1063 lege
279 993 366 1047 Varia
384 1011 456 1062 quae
476 995 651 1065 inscribitur,
675 1013 738 1050 eam
760 996 790 1051 L.
814 995 911 1049 Aelius
935 995 1048 1064 scripsit
1072 994 1174 1050 Cottae
1225 986 1226 1058 l

147 1065 249 1132 rogatu
268 1065 307 1135 [a.
328 1065 448 1137 664J90]
486 1068 552 1122 thid.
572 1071 629 1122 207
659 1066 770 1122 Cottam
796 1067 883 1120 miror
910 1085 1048 1120 summum
1077 1067 1174 1134 ipsum

149 1137 289 1190 oratorem
311 1138 483 1205 minimeque
505 1139 634 1208 ineptum
656 1139 790 1192 Aelianas
813 1138 881 1193 levis
907 1137 1098 1193 oratiunculas
1124 1155 1173 1192 vo-

149 1205 235 1260 luisse
255 1208 411 1262 existimari
429 1227 502 1264 suas.
535 1212 570 1277 cf.
591 1217 648 1266 test.
668 1215 693 1264 3.

222 1293 264 1341 18.
285 1288 357 1343 Suet.
377 1290 409 1343 de
427 1307 541 1360 pra-mm.
561 1295 578 1344 3
604 1292 647 1358 (esc
667 1291 799 1359 Varrone)
823 1289 933 1344 Servius
956 1307 1020 1343 cum
1044 1289 1175 1342 librum

149 1360 237 1412 soceri
257 1360 355 1430 [Aelii]
374 1361 499 1413 nondum
519 1361 627 1414 editum
645 1360 743 1415 fraude
762 1362 958 1430 intercepisset
975 1393 1008 1401 —

222 1444 264 1493 19.
296 1439 364 1494 Gall.
390 1447 437 1507 16,
457 1445 521 1507 &2
547 1442 825 1495 commentarium
851 1442 890 1496 de
916 1439 1112 1509 proloquiis
1142 1441 1173 1493 L.

148 1508 223 1562 Aelii
252 1542 285 1550 -
314 1511 438 1566 studiose
464 1513 651 1579 quaesivimus
682 1528 800 1580 eumque
830 1513 860 1566 in
887 1513 968 1566 Pacis
995 1511 1176 1566 bibliotheca

148 1583 291 1649 repertum
314 1581 443 1652 legimus.
481 1584 530 1637 ssd
554 1585 584 1637 in
607 1600 640 1638 eo
663 1583 736 1637 nihil
755 1585 906 1638 edocenter
923 1600 1014 1652 neque
1034 1583 1070 1636 ad
1089 1583 1176 1637 insti-

149 1652 287 1706 tuendum
306 1652 455 1721 explanate
474 1655 609 1723 scriptum
624 1658 674 1722 est,
694 1655 849 1724 fecisseque
863 1656 975 1710 videtur
989 1670 1052 1708 eum
1066 1653 1175 1708 librum

148 1723 245 1777 Aelius
274 1725 318 1778 sui
345 1727 435 1796 magis
464 1726 634 1781 admonendi
661 1745 747 1794 quam
775 1727 893 1782 aliorum
921 1726 1042 1780 docendi
1068 1727 1174 1794 gratia.

149 1803 209 1850 erat
232 1797 296 1862 περὶ
319 1796 483 1865 ἀξιωμάτων
507 1816 540 1852 en
559 1799 710 1853 &ulcerosus
733 1802 847 1854 ratione.
885 1800 919 1864 cf.
945 1799 1033 1853 Varro
1057 1799 1119 1852 libr.
1142 1801 1176 1852 de

148 1868 166 1921 Ι.
187 1868 221 1922 L.
237 1869 317 1922 XIV
331 1869 410 1935 infra
429 1876 454 1923 ct
477 1871 642 1935 Wilmcans‚
661 1872 693 1925 de
717 1871 796 1924 Varr.
816 1872 876 1925 labe.
896 1886 1009 1940 pramm.
1026 1873 1116 1937 p.15.

221 1953 265 2003 20.
286 1949 392 2003 Fronto
408 1967 437 2018 p.
452 1951 534 2004 2οΝ
550 1977 583 1995 =
603 1950 741 2018 Lcmpcd.
761 1955 854 2005 teste

220 2033 265 2083 21.
289 2031 392 2083 Aaecd.
413 2030 506 2084 Paris.
524 2030 605 2086 OGK
620 2031 681 2085 VII
691 2033 785 2096 533,3
805 2061 838 2069 —
858 2027 963 2082 obelus.
1000 2027 1036 2099 ·><-
1058 2029 1176 2082 asteris-
1227 2067 1228 2078 .

150 2115 206 2152 cus.
243 2099 278 2166 ->’(-
295 2133 327 2139 -
344 2101 493 2154 asteriscus
509 2119 574 2155 cnm
588 2100 676 2155 obelo.
710 2105 744 2152 ὃ
759 2099 1002 2185 simplexductus.
1034 2102 1070 2167 >
1085 2099 1175 2168 diple.
1227 2099 1228 2104 ’

148 2188 184 2255 >’
212 2187 288 2255 diple
319 2190 547 2276 periestigmene.
606 2198 625 2250 2
655 2188 815 2259 antisigma.
879 2195 898 2247 9
927 2188 1080 2258 antisigma
1109 2205 1177 2241 cum

149 2279 262 2344 puncto.
322 2279 340 2331 b
370 2279 487 2333 coronis.
542 2284 621 2347 >—
650 2277 727 2346 diple
753 2277 931 2333 obelismene.
989 2277 1049 2348 Ιε
1074 2293 1177 2331 aversa

124 2347 330 2404 sobelismene.
367 2351 568 2404 ltceraunion.
604 2362 641 2389 —·-
660 2349 757 2404 obelus
773 2350 938 2419 adpunctus.
976 2352 1054 2416 —<
1073 2348 1176 2402 obelus

150 2453 213 2490 cum
237 2454 341 2492 aversa.
392 2428 431 2506 5
456 2439 532 2507 diple
565 2438 727 2512 super<ne>
756 2438 877 2493 obelata.
931 2427 1010 2507 ἓξ
1036 2439 1117 2491 recta
1146 2441 1177 2492 et

151 2549 248 2588 aversa
267 2551 385 2603 superne
405 2537 542 2592 obelatae.
580 2527 675 2601 >tobi
694 2539 780 2590 etro.
818 2513 938 2605 (fidet
956 2552 995 2589 ro.
1032 2537 1178 2606 Tanccra

150 2624 283 2692 superior.
320 2625 338 2694 l
364 2643 465 2680 ancora
492 2626 616 2680 inferior.
655 2625 761 2696 alogus.
803 2626 847 2679 his
875 2625 941 2680 solis
970 2625 1000 2677 in
1032 2624 1176 2678 adnota-

150 2694 303 2749 tionibus
318 2695 402 2750 Ennii
416 2696 518 2750 Lucilii
534 2700 562 2750 et
575 2697 773 2752 historicorum
787 2697 831 2750 usi
846 2698 911 2751 sunt
924 2696 1013 2750 Varro
1028 2695 1054 2749 S.
1064 2695 1176 2748 Ennius

111 2784 136 2823 ιο
150 2765 247 2819 Aelius
263 2783 352 2834 aeque
367 2771 395 2821 et
409 2771 549 2836 postremo
559 2768 676 2833 Probus,
691 2768 740 2836 qui
754 2767 819 2822 illas
834 2769 864 2821 in
874 2767 999 2837 Vergilio
1014 2768 1043 2821 et
1054 2765 1177 2821 Horatio

151 2840 179 2890 et
198 2838 327 2892 Lucretio
348 2840 487 2908 apposuit,
509 2841 542 2893 ut
560 2840 681 2894 Homero
699 2839 885 2894 Aristarchus.

224 2950 256 2957 -
277 2918 373 2973 obelus
392 2920 518 2974 versibus
539 2921 691 2988 apponitur
708 2920 762 2974 hac
781 2937 873 2974 causa.
906 2919 1069 2973 Pisistratus
1084 2935 1175 2985 quon-

152 2989 217 3042 dam
232 2990 447 3046 Atheniensium
465 2994 601 3059 tyrannus
621 2992 782 3046 inordinata
801 2994 831 3045 et
850 2989 965 3046 confusa
984 2990 1075 3043 adhuc
1093 2989 1176 3057 poesi

152 3059 266 3114 Homeri
284 3063 409 3130 praemio
429 3061 583 3118 sollicitare
601 3064 749 3133 proposuit
767 3079 814 3116 ecs
833 3063 883 3130 qui
901 3061 1063 3116 ordinarent
1081 3061 1175 3129 iisque

111 3148 137 3189 ιι
151 3133 270 3200 praemii
293 3135 405 3188 nomine
428 3135 459 3187 in
480 3135 606 3205 singulos
630 3151 724 3188 versus
749 3133 874 3204 singulos
900 3133 997 3188 obolos
1016 3133 1174 3186 constituit.

152 3203 281 3257 mercede
306 3204 390 3259 multi
415 3205 526 3259 inducti
551 3222 702 3274 pauperes,
731 3206 833 3273 quibus
859 3205 1004 3274 ingenium
1029 3203 1175 3272 affluebat,

152 3274 286 3342 quoniam
305 3280 354 3330 aut
372 3275 498 3330 invenire
518 3281 568 3331 aut
587 3277 661 3349 (ut)
682 3278 830 3347 disponere
851 3276 993 3330 debebant
1015 3293 1071 3329 non
1093 3277 1175 3342 pote-

152 3348 225 3412 rant,
244 3345 376 3417 fingendo
394 3348 530 3418 plurimos
551 3355 644 3403 versus
669 3348 760 3417 operis
784 3347 963 3402 nobilitatem
982 3357 1174 3415 corruperunt.

153 3416 228 3470 unde
242 3419 337 3472 evenit
355 3423 387 3473 ut
403 3422 502 3488 postea
515 3421 712 3490 prudentiores
726 3421 787 3487 riri,
808 3437 924 3488 quornm
939 3435 1061 3472 summus
1076 3418 1107 3471 in
1120 3418 1176 3472 hac

113 3503 138 3543 ac
153 3505 183 3540 re
198 3487 253 3541 fuit
268 3489 455 3559 Aristarchus,
475 3492 605 3559 quotiens
620 3491 803 3560 inprobarent
817 3507 911 3544 versus
925 3490 1007 3557 quasi
1020 3492 1070 3543 aut
1084 3489 1176 3544 malos

155 3560 278 3613 autnon
296 3559 468 3628 Homericos,
494 3562 606 3616 obelum
627 3563 773 3632 potissime
797 3563 952 3616 notandum
971 3561 1174 3616 existimarent.
