2442 3902
383 177 419 236 Μ.
439 183 585 238 Terentius
605 183 717 238 Varro
759 256 762 262 1
847 212 850 216 ’
979 183 1044 248 299

97 349 111 396 1
136 341 157 394 h
185 341 281 397 littera
308 346 382 412 (am
401 344 515 398 Bruxel.
542 344 645 409 Coloe.)
674 344 698 396 si
719 361 769 412 pro
796 338 896 413 (primo
915 362 957 416 oq.
976 345 1045 412 p⁶vr

28 413 167 484 Bremet.):
188 433 236 468 em.
257 416 354 469 Carrio

436 541 518 606 280⁶
542 541 629 626 [58⁶]

94 656 125 712 si
156 653 198 713 ab
231 654 406 713 ariditate
437 655 586 726 dieitur,
623 675 691 714 non
723 655 830 713 habet
864 649 896 734 [Ιι
919 656 1045 714 litteram

28 737 169 821 torena]‚
201 745 232 802 si
259 743 301 802 ab
331 743 523 818 haerendo,
555 746 594 801 ut
621 746 658 802 in
687 743 840 803 fabricis
871 743 1045 818 videmus,

29 830 143 890 habet

98 931 172 986 Serv.
187 934 255 986 Aea.
272 937 297 997 1,
310 893 367 986 Ι172
387 930 523 986 ‘harena’
548 932 693 998 quaeritur
710 931 814 985 habeat
837 947 925 986 neone
943 948 1045 986 noman

30 999 80 1055 hoe
103 1002 312 1070 aspirationem.
357 1005 386 1056 et
409 1001 496 1056 Varro
526 1003 565 1055 sio
588 1002 699 1057 definit:
727 1017 747 1057 si
764 1019 793 1057 ab
813 1016 916 1057 eamearn
930 1035 957 1043 -
970 1018 1044 1057 haser.

30 1072 127 1127 melior
144 1075 241 1126 tamen
259 1076 302 1129 est
321 1073 447 1143 superior
466 1073 645 1144 etymologia.
707 1113 709 1118 .

99 1186 115 1232 2
135 1181 171 1251 si]
190 1180 241 1234 sed
259 1181 360 1236 Hamb.
444 1179 567 1234 herendo
588 1181 663 1235 Casa.
684 1182 760 1249 Lips.
781 1181 882 1236 Hamb.

436 1350 518 1408 280⁶
542 1343 633 1428 [58⁰]

94 1459 218 1531 peceant
247 1489 288 1496 -—
318 1457 370 1532 qui
398 1456 558 1532 prehensus
586 1475 655 1517 eum
687 1457 869 1532 aspiratione
901 1456 1045 1530 scribunt,

34 1561 95 1601 oum
114 1563 180 1604 earn
199 1545 297 1622 prima
315 1565 442 1621 persona
460 1565 521 1604 non
539 1544 655 1619 habeat,
674 1548 704 1604 et
723 1546 862 1604 similiter
879 1546 1044 1621 vehemens,

35 1651 96 1690 eum
118 1653 138 1692 a
159 1635 191 1692 vi
214 1636 323 1694 mentis
345 1633 470 1693 dicatu.
516 1641 608 1710 quam
631 1628 753 1710 quidam
775 1637 887 1711 putant
918 1635 1043 1693 adicien-

35 1721 107 1796 dam,
129 1725 271 1799 quoniam
295 1724 384 1782 inon
408 1723 490 1783 aliud
513 1726 624 1800 putant
647 1742 819 1799 essequam
843 1742 860 1777 s
879 1743 895 1776 s
920 1724 1045 1794 alterius

36 1811 114 1886 ferri,
143 1831 213 1870 oum
235 1812 305 1871 huie
332 1813 422 1872 verbo
445 1811 507 1872 sine
535 1812 721 1871 dubitatione
751 1814 907 1888 aspiratur.
953 1815 1045 1890 negat
1072 1824 1084 1865 ⁵

36 1898 124 1959 Varro
151 1902 244 1960 etiam
268 1900 379 1961 Graeco
407 1901 613 1977 aspirandum,
644 1903 785 1976 quoniam
809 1921 826 1961 a
854 1902 981 1980 gerendo
1005 1903 1046 1960 sit

37 1993 270 2066 cognominatns3
292 1993 419 2050 matrem
442 1991 519 2049 enim
544 1993 616 2065 eius,
640 1993 694 2066 qui
716 1993 829 2066 primus
854 1989 981 2050 Granous
1005 1991 1046 2049 sit

38 2076 139 2154 diatim,
162 2079 324 2139 'duodecim
351 2080 503 2139 mensibus
530 2083 614 2138 utero
642 2099 710 2138 eum
740 2080 873 2156 gessisse.
920 2082 950 2139 et
977 2079 1044 2155 pul·

38 2167 133 2226 chrum
164 2171 301 2244 quamvis
329 2168 360 2227 in
387 2168 598 2228 consuetudine
629 2169 786 2243 aspiratur,
819 2168 913 2227 nihilo
945 2170 1043 2228 minus

37 2257 130 2316 tamen
158 2259 236 2317 ratio
267 2257 384 2316 exiliter
406 2262 436 2317 et
464 2257 678 2316 enuntiandum
706 2260 736 2317 et
763 2257 950 2316 seribendum
981 2276 1043 2316 esse
1059 2269 1085 2310 1⁰

37 2347 193 2422 persuadet,
218 2366 254 2406 ne
276 2366 337 2405 una
356 2349 480 2416 omnino
504 2347 595 2406 dictio
619 2346 758 2405 adversus
777 2345 878 2405 Latini
902 2349 1044 2405 sermonis

37 2438 167 2494 naturam
189 2437 287 2494 media
311 2436 466 2511 aspiratur.

106 2533 128 2586 Τ
127 2552 161 2588 er.
182 2535 277 2590 Scaur.
296 2553 326 2603 p.
348 2539 441 2600 19,13
467 2533 597 2587 simfliter
615 2551 709 2596 peooant
722 2565 754 2586 -.
781 2534 850 2587 idem
869 2549 908 2596 qui
922 2550 1045 2596 prehensus

36 2633 59 2640 -
72 2620 182 2666 assetur.
214 2605 341 2674 quamvis
362 2605 463 2659 Santra
483 2606 529 2677 [fr.
544 2607 588 2676 11]
609 2621 626 2658 a
641 2605 753 2660 Graecis
773 2606 855 2674 putet
873 2621 933 2658 esse
951 2607 1042 2658 trans·

38 2672 119 2729 latum
137 2677 217 2744 qnasi
235 2677 402 2746 poliohrum.

103 2789 116 2835 1
135 2784 319 2853 reprehensus
340 2784 404 2838 Keil
423 2801 456 2838 ea
480 2784 533 2838 Vol.
554 2784 641 2854 Loap.
659 2785 695 2850 fr.
710 2787 766 2838 280
874 2789 890 2836 2
913 2783 1044 2854 persona]

38 2853 132 2918 positio
150 2855 217 2909 Keil
234 2857 293 2910 ooli.
313 2857 368 2936 J'el.
386 2857 474 2924 Loap.
493 2856 560 2908 ibid.
601 2871 729 2938 veemens
748 2855 833 2937 diora.
878 2924 883 2934 Ι
907 2860 923 2906 4
943 2854 970 2908 .i.
989 2871 1045 2937 non

39 2940 196 3050 astat
210 2925 804 3062 &astatadstat'tessaura
822 2924 1045 3076 tardata

40 3067 102 3133 vehi,
126 3068 156 3122 id
175 3072 218 3123 est
236 3069 303 3122 farri
322 3071 479 3123 Wilmanos
498 3068 583 3122 altius
603 3069 722 3123 evehens
740 3070 781 3123 oet
803 3066 924 3135 ultenus
941 3069 1045 3136 vehens

40 3172 97 3228 Kest
167 3182 182 3229 6
202 3155 286 3245 grdsso
306 3177 390 3230 Beros.
410 3176 515 3245 gracho
532 3177 594 3242 Pol,
673 3180 688 3228 8
708 3176 787 3228 utero
807 3174 939 3243 gessisset
959 3175 1044 3228 Bora.

39 3247 138 3301 uterum
157 3247 225 3301 -isse
244 3248 320 3301 Pas:
340 3264 388 3300 em.
408 3247 515 3302 Ritaohl
606 3251 639 3299 10
659 3246 741 3300 exhi
761 3248 805 3314 (ex
823 3245 834 3298 i
854 3247 927 3313 Pal.)
950 3243 1045 3298 littere

38 3315 245 3372 anuntiandum
318 3324 356 3372 12-
370 3320 472 3394 natura
486 3319 580 3372 media
589 3319 679 3372 'Berua
699 3319 829 3370 naturam
839 3315 966 3385 ,mediam
981 3317 1043 3370 Pal.

211 3435 216 3440 ⁸
286 3496 288 3500 ·
346 3509 368 3527 -,
436 3432 844 3546 enormes:
919 3520 931 3542 .

98 3575 224 3637 Graecus
249 3580 285 3636 ‘et
312 3580 394 3636 ortus
410 3576 485 3635 'sine
518 3575 789 3651 aspiratione·1dioi
820 3573 925 3631 debere
948 3571 1045 3630 Varro
