2442 3902
398 173 434 228 M.
454 173 602 229 Terentius
619 174 709 229 Varro
901 173 904 180 ’
995 173 1061 238 319

34 350 140 388 cenam
151 335 209 390 AT
221 351 336 390 coenam
345 335 377 390 F
388 351 518 389 scaenam
532 335 559 388 V
626 339 661 388 41
676 333 768 407 (aex)
783 336 908 390 comoed.
920 336 1063 392 Barcaeo

33 423 205 492 trigesimus
220 425 250 480 F
268 424 389 478 XXXV
495 429 529 479 48
550 424 692 494 ingressus
712 425 819 480 Ritechl
904 424 991 478 animi
1010 441 1061 480 om.

36 495 128 550 TFV
206 498 291 561 l(=
306 499 341 566 et)
359 495 475 568 vitanda
489 497 517 550 A
535 495 683 550 evitandae
703 495 729 548 V
744 496 792 549 -de
810 496 865 550 ΤΡ
952 500 985 549 40
1006 512 1062 565 qna

33 567 158 622 Harena
175 567 224 635 qui
243 569 271 622 A
293 567 362 637 quia
379 568 436 622 rell.
535 567 710 635 percipiendi
729 568 806 623 codd.
825 568 887 622 dett.
912 568 965 621 -da
979 566 1065 622 ATF

35 638 73 691 ad
88 638 278 708 percipienda
294 640 320 693 V
388 644 422 692 50
435 655 492 693 non
507 656 557 694 om.
572 639 659 693 TFV
728 644 760 691 51
776 637 845 692 urbe
857 639 921 693 cdd.
934 641 1062 694 Mereor

36 715 70 763 53
102 710 249 764 comediaa
279 709 342 764 dell.
366 711 393 765 A
485 709 523 763 ite
547 712 575 765 A
669 725 769 764 navem
797 710 880 780 (-vim
906 711 1002 778 TFV)
1029 713 1062 764 ut

34 785 112 848 (cum
131 782 184 851 V):
203 789 308 852 venep.
319 783 467 836 Buecheler
481 780 554 905 Sin>
569 799 596 835 n.
611 783 643 834 ut
656 781 760 836 Schoell
832 788 866 835 54
884 797 1024 850 nusquam
1038 781 1063 832 V

36 859 70 905 65
95 853 221 921 periisse
242 853 326 907 TFV
431 857 464 905 56
508 853 593 906 icitur
615 853 712 907 Fam.
733 853 760 906 A
833 855 900 908 cet
922 853 1066 909 VHJAV

34 925 87 977 del.
109 924 222 980 Raucae
326 929 358 977 51
379 923 538 993 Stymphali
557 925 607 978 del.
627 924 734 979 Bit-selei
837 923 906 996 eive]
926 925 989 979 sinu
1012 926 1066 980 TV

35 1001 69 1048 59
95 995 270 1064 implicitam
294 997 321 1050 A
429 1010 463 1049 ex
488 996 594 1050 Riteehl
622 1012 654 1049 ac
678 1012 711 1048 ex
731 995 758 1051 A
787 995 846 1049 aori
868 997 925 1052 rell.
955 997 1005 1049 aut
1028 1013 1062 1050 ex

36 1067 148 1122 Schoell
254 1072 288 1120 60
307 1083 406 1121 navem
424 1069 451 1121 A
469 1066 564 1120 navim
584 1067 641 1120 TV
658 1066 724 1122 navi
742 1068 773 1122 F
874 1074 908 1122 62
928 1071 993 1137 poet
1011 1085 1061 1122 om.

40 1138 136 1192 TFV
214 1144 247 1192 64
268 1137 365 1192 villam
378 1141 437 1193 secl.
453 1139 574 1208 Schcpea
658 1138 783 1207 portium
798 1139 887 1194 ATF
968 1145 1002 1193 65
1021 1138 1062 1192 nil

40 1214 100 1263 let
118 1210 153 1280 2]
176 1209 264 1264 nichil
283 1211 310 1264 A
333 1208 406 1262 nihil
428 1211 481 1265 ΤΡ
585 1210 677 1263 lediue
702 1211 728 1264 A
837 1209 878 1263 nil
901 1227 951 1266 ονι.
975 1211 1065 1265 ATF

41 1285 75 1332 68
94 1281 203 1334 referet
220 1285 247 1336 A
356 1287 390 1335 69
414 1280 549 1349 praeferri
571 1282 655 1336 TFV
760 1286 793 1334 10
816 1281 931 1336 terentii
950 1283 977 1337 A
1003 1282 1062 1335 -tio

42 1352 96 1405 TV
113 1369 167 1406 om.
182 1353 213 1406 F
282 1370 349 1406 num
367 1383 402 1393 -
421 1352 522 1408 dicetis
539 1353 687 1407 Buecheler
710 1370 765 1408 non
785 1354 821 1422 (A
837 1356 906 1408 etia
919 1371 1006 1425 moro.
1022 1352 1063 1409 V²

41 1439 90 1476 οοι.
114 1425 182 1494 TF)
203 1455 235 1464 —
256 1423 352 1478 dicens
374 1425 451 1479 codd.
471 1442 497 1478 n.
518 1456 551 1464 -
571 1424 667 1478 dicent
686 1424 805 1480 Ribbeck
880 1425 1015 1479 vulcanus
1035 1427 1063 1480 A

42 1497 72 1547 11
93 1496 178 1550 nario
192 1495 270 1550 codd.
326 1513 359 1548 ex
377 1495 475 1564 plauto
495 1513 528 1548 ex
542 1497 569 1551 A
625 1495 696 1550 celio
711 1497 767 1551 AT
839 1502 871 1550 72
891 1497 960 1551 livio
978 1497 1066 1551 TFV

505 1647 599 1706 *302

108 1755 247 1828 proxime
277 1753 427 1812 celebrata
457 1756 502 1812 eet
532 1756 564 1811 in
594 1753 660 1812 foro
690 1752 793 1813 boeur'o
824 1754 896 1813 aede
924 1754 1062 1814 Herculis

43 1838 139 1901 Pacui
174 1846 280 1918 poetae
319 1844 445 1918 pictura.
511 1843 590 1901 linui
627 1861 726 1902 sorore
763 1842 882 1920 genitus
918 1844 967 1903 hic
1003 1844 1063 1903 init
1144 1843 1147 1850 ⁴

46 1929 261 2007 clarioremque
284 1935 378 1991 artem
401 1951 468 1991 eam
490 1932 603 1991 Romae
627 1934 698 1991 fecit
721 1933 818 2011 gloria
840 1951 971 1994 scaenae.

113 2032 190 2084 Plin.
214 2049 243 2084 01.
266 2031 291 2084 h.
315 2034 360 2097 35,
381 2035 415 2084 19
438 2045 540 2094 proxime
560 2063 592 2070 -
612 2057 712 2086 acaenee.
764 2033 885 2087 Varroni
911 2034 1064 2089 vindicavit

49 2099 165 2156 Maece
183 2101 249 2156 aoid.
265 2106 371 2171 14148.

48 2283 91 2339 ΒΕ
110 2287 295 2342 POEMATIS

518 2407 583 2464 303

109 2527 191 2604 apud
210 2527 359 2587 Romanos
382 2528 415 2587 id
437 2547 564 2604 carmen,
588 2530 667 2607 quod
691 2549 758 2590 cum
781 2531 996 2590 lamentatione
1015 2550 1062 2591 ex-

49 2613 171 2676 tremum
202 2620 292 2693 atque
322 2619 463 2677 ultimum
492 2621 609 2678 mortuo
640 2621 795 2694 accinitur,
824 2621 914 2680 nenia
944 2619 1062 2694 dicitur,

50 2704 123 2784 παρὰ
140 2704 175 2767 τὸ
195 2705 310 2765 νείατον
327 2705 421 2766 idest
438 2706 558 2786 ἔσχατον
578 2701 715 2789 (undeet
733 2709 763 2766 iu
779 2708 896 2768 chordis
915 2711 1062 2768 extremus

49 2811 152 2856 nervus
172 2796 341 2872 appellatus
356 2800 401 2855 est
418 2790 523 2877 νήτη);
542 2817 611 2857 nam
631 2799 661 2855 et
680 2799 777 2874 elegia
796 2801 927 2858 extrema
944 2802 1062 2858 mortuo

51 2885 237 2944 accinebatur
259 2885 348 2944 sicuti
370 2888 468 2961 nenia,
491 2887 618 2962 ideoque
641 2887 679 2947 ab
703 2887 806 2946 eadem
829 2889 961 2965 elogium
982 2888 1089 2948 vide-a

50 2973 93 3032 tur
123 2977 256 3033 tractum
292 2977 511 3052 cognominari,
553 2977 633 3053 qnod
669 2978 796 3036 mortuis
828 2977 876 3036 vel
908 2979 1000 3036 morit
1039 2979 1045 2989 '

52 3063 205 3122 ascribitur
227 3065 431 3124 novissimum.

115 3163 209 3216 Diem,
224 3166 386 3232 p.484,17
404 3162 495 3233 elegia
515 3166 558 3217 eat
576 3180 688 3218 carmen
708 3163 886 3232 conpositum
900 3163 1062 3218 hexametro

52 3245 124 3287 veren
138 3236 369 3302 pentametroque
385 3233 500 3288 alternis
514 3235 587 3307 (in)
597 3235 687 3290 vicem
700 3235 809 3304 positis.
820 3267 847 3305 ἢ
861 3233 953 3305 elegia
968 3237 1063 3288 autem

52 3299 122 3359 dicta
144 3305 203 3359 eive
225 3305 304 3374 παρὰ
326 3305 357 3359 τὸ
382 3301 413 3360 al
436 3304 526 3374 λέγειν
553 3307 619 3368 τοὺς
645 3311 804 3368 τεθνεῶτας
827 3307 893 3375 (fere
918 3305 992 3360 enim
1016 3306 1062 3359 de·
1105 3318 1106 3322 ’

52 3371 205 3431 iunctorum
228 3376 326 3430 laudes
349 3377 402 3431 hoc
430 3377 554 3431 carmine
583 3377 891 3448 conprehendebantur)
920 3377 978 3432 aive
1006 3377 1063 3432 ἀπὸ

53 3455 93 3526 νοῦ
111 3446 191 3502 ἐλέου
209 3445 238 3500 id
259 3450 302 3502 eet
320 3448 508 3516 miseratione,
528 3449 604 3517 quod
618 3449 745 3518 θρήνους
759 3449 858 3503 Graeci
873 3448 960 3522 (vel)
976 3448 1064 3503 ἐλεοῑα

55 3519 101 3574 1800
119 3522 210 3574 metm
229 3518 467 3587 comptitaverunt.
484 3552 511 3560 -
525 3535 584 3584 apud
598 3533 713 3575 Romanoa
731 3523 826 3574 01100111
844 3535 868 3574 id
882 3545 972 3574 carmen
985 3551 1012 3559 -
1025 3546 1064 3574 no·

53 3601 162 3646 nmmum
192 3591 275 3645 Paul.
291 3591 364 3646 Fert.
375 3609 405 3660 p.
422 3595 484 3658 163,
497 3597 517 3648 2
530 3593 614 3645 nenia
632 3594 677 3647 eet
694 3609 806 3644 carmen
825 3591 900 3660 quod
918 3590 948 3643 in
967 3591 1064 3644 funere
