2534 3908
417 63 418 66 ,
430 30 443 66 *i

302 175 421 230 Fabius:
453 175 573 231 Cincius.
611 175 757 232 Carvilius.
794 177 902 232 Ennius
1092 179 1112 242 3

402 338 476 425 SP.
510 337 802 426 CARVILIUS

207 461 240 516 de
258 464 318 516 eius
336 468 423 526 aaate
441 479 474 516 ae
492 461 619 517 doeteiua
636 463 671 528 es.
691 463 736 516 De
755 463 811 516 lud.
831 464 882 518 litt.
902 469 958 519 test.
977 468 997 518 2

467 567 736 636 ΤΕΒΤΙΜΟΝΙΑ

167 680 195 733 1.
222 675 300 734 Plut.
323 679 431 748 quaest.
414 675 487 733 ta
506 675 547 734 54
578 672 611 734 τὸ
629 697 649 734 κ
669 672 745 755 πρὸς
768 674 837 755 τὸγ
861 673 1074 757 συγγένειυυ”
1057 699 1112 757 εχει

86 756 156 843 παρ’
187 761 290 836 αὐτοῖς
326 757 507 843 [Roueauis]
567 759 623 840 ὀψὲ
655 761 712 844 γὰρ
741 761 902 844 ἐχρήσαντο
938 771 977 824 τῶ
1010 765 1112 845 γάμμα

87 851 258 932 Καρβιλίου
281 852 418 933 Σπορίου
441 851 696 932 προσεξευρόντος.
740 854 804 914 Ter.
827 853 1112 928 Soau.p.15,16

89 962 108 1000 a
128 941 239 1018 Spurio
258 940 391 1002 Carvilio
413 961 523 1002 novam
546 943 674 1001 formam
693 941 719 1000 G
738 943 858 1002 litterae
881 946 1066 1020 propositam

163 1023 230 1078 aue
253 1021 361 1078 iuditia
382 1042 401 1078 a
426 1023 516 1078 titulis
541 1023 752 1091 eoafieuoutur,
777 1025 827 1093 qui
854 1024 886 1079 G·
904 1025 1024 1080 litteram
1049 1031 1112 1082 aute

91 1095 211 1150 Caruilii
223 1101 338 1150 aetatem
352 1111 409 1148 aon
420 1094 560 1162 praebent.
590 1095 664 1163 quod
677 1101 768 1150 autem
782 1096 892 1151 Joedaa
906 1097 982 1167 (ibid.
994 1101 1049 1152 157
1062 1099 1111 1166 sq.)

88 1167 163 1220 hatte
180 1167 334 1236 eaqueus
355 1166 534 1221 mutationem
552 1166 646 1232 eidem,
670 1167 720 1234 qui
736 1167 789 1220 Ze
802 1167 900 1222 litteris
918 1168 1033 1223 Latiuis
1051 1171 1110 1223 abs-

89 1238 165 1304 tulit,
191 1238 286 1306 Appio
311 1237 427 1294 Olaudio
449 1237 591 1292 oiudioare
609 1238 704 1303 uoluit,
727 1237 776 1292 hoe
794 1241 976 1294 neeessariam
993 1256 1051 1294 aaa
1065 1247 1109 1295 est.

88 1312 125 1376 et.
144 1309 278 1374 Lilaea,
298 1309 364 1364 Rei.
389 1309 420 1363 de
434 1308 504 1378 put.
523 1312 543 1363 2
561 1310 656 1378 (1878)
678 1325 705 1377 p.
722 1313 756 1362 15
774 1326 813 1378 sq.
833 1316 976 1378 praeterea
995 1311 1111 1377 Ritsolti,

89 1398 132 1450 op.
152 1383 179 1446 4,
193 1382 251 1435 226
267 1396 305 1448 sq.
327 1381 418 1448 Goete,
437 1379 630 1450 Pauly-Wiss.
650 1381 715 1435 RE
727 1384 754 1447 3,
773 1382 882 1452 1629βό.

162 1466 180 1513 4
199 1457 320 1514 Carvilio
336 1459 496 1515 Seiuuider:
510 1459 632 1514 oonutio
647 1477 695 1514 em.
711 1476 780 1513 eurr.
795 1461 880 1514 Beeu.
909 1461 1031 1516 earuttio
1045 1463 1109 1517 Pol.

90 1546 180 1586 novae
198 1533 284 1586 Bera.
366 1530 540 1600 propositam
557 1532 671 1600 scripsi:
695 1533 882 1601 praep-codd.
901 1531 1025 1602 positam
1043 1534 1111 1589 Keil

530 1628 675 1682 DUBIUM

160 1722 209 1776 1⁶.
251 1717 326 1777 Isid.
344 1735 386 1776 or.
403 1723 431 1788 1,
446 1721 476 1785 4,
493 1720 535 1777 12
557 1717 577 1774 k
600 1718 733 1775 litteram
757 1716 878 1776 Salvius
902 1717 1111 1796 ludimagister

90 1810 206 1883 primus
220 1805 337 1866 Latinis
357 1804 474 1881 adiecit,
494 1809 574 1866 utin
587 1824 660 1866 sono
675 1805 834 1866 disorimen
852 1808 964 1866 faceret
983 1808 1110 1866 duarum

91 1897 263 1956 litterarum
283 1915 297 1954 o
316 1899 346 1955 et
365 1914 392 1971 q.
430 1915 506 1972 quae
528 1895 596 1954 ideo
619 1913 805 1970 supervacuo
828 1895 946 1972 dieitur,
970 1899 1042 1973 quis
1063 1917 1109 1956 ex-

91 1988 185 2061 septis
203 1983 347 2044 Kalendis
370 2003 555 2061 supervacua
577 1983 742 2059 iudicatum
765 2003 819 2060 per
837 2003 853 2043 o
872 1987 952 2044 enim
969 1988 1109 2045 universa

92 2075 295 2150 exprimimus.
340 2074 416 2132 Petr.
440 2075 527 2133 Diae.
549 2073 645 2133 ouK
660 2073 713 2132 IV
726 2075 800 2142 334,
814 2076 860 2134 22
882 2092 953 2134 sane
976 2076 1109 2134 litteram

91 2163 254 2222 kSslvius
285 2165 428 2241 magister
456 2163 571 2238 primus
597 2162 741 2222 Romanis
771 2163 890 2236 sdieoit,
919 2166 954 2222 ut
980 2166 1012 2221 in
1036 2183 1108 2224 sono

92 2253 218 2311 duarum
242 2251 448 2312 discretionem
468 2252 579 2311 feoeret
598 2251 616 2309 b
636 2245 667 2309 et
686 2271 718 2327 q3
743 2252 823 2328 quod
840 2252 907 2311 ideo
927 2271 1108 2328 supervacue

91 2341 231 2402 dieantur
254 2341 334 2416 quod
356 2343 484 2417 exeeptis
507 2339 650 2400 Kalendis
674 2340 826 2416 superflua
850 2341 1018 2401 videantur.

161 2423 213 2477 sub
231 2423 341 2476 nomiae
358 2421 448 2478 Saleii
464 2422 591 2492 usqistei
607 2422 649 2476 uel
666 2421 796 2489 Salustii,
814 2429 847 2477 ut
864 2423 896 2475 ia
916 2422 970 2476 Gu.
986 2429 1001 2477 1
1021 2431 1046 2478 et
1063 2441 1109 2478 su-

89 2511 193 2561 prascr.
215 2495 248 2547 iu
266 2493 319 2548 Gu.
334 2494 478 2563 ileqitur,
499 2493 615 2548 Ooeuilii
632 2509 730 2547 uoueu
748 2494 831 2548 latere
845 2500 923 2562 puto,
943 2495 1043 2562 quippe
1061 2497 1111 2563 qui

93 2565 189 2620 Gaou
201 2565 241 2632 K,
249 2570 282 2618 ut
291 2581 415 2632 petuase
428 2563 555 2620 Isidorus
569 2563 664 2629 tradit,
679 2564 793 2620 Latinis
807 2566 905 2619 litteris
918 2566 1062 2632 adiecerit;
1083 2566 1109 2621 G

91 2639 163 2691 enim
180 2608 269 2691 sotim
287 2653 320 2690 eoo
338 2637 538 2704 antiquissimis
554 2607 676 2706 quitario
694 2637 829 2690 elementis
847 2637 968 2702 euomuit,
993 2643 1109 2702 uiuos

91 2707 171 2762 aliter
189 2715 271 2775 atque
289 2708 366 2790 apud
379 2709 521 2772 Etruscos,
541 2707 681 2762 Clitterae
695 2707 782 2762 locum
796 2707 881 2762 daret.
910 2678 982 2762 adde
996 2709 1109 2762 eaodem

90 2781 235 2848 utrimque
244 2779 364 2834 auctoris
373 2779 463 2834 Saleii
471 2749 619 2834 Salustiiue
627 2783 653 2832 et
664 2779 781 2833 Caruilii
789 2779 985 2847 professiouem
995 2779 1110 2833 dooeudi

90 2856 114 2905 et
132 2851 167 2905 de
184 2851 294 2905 nomiae
315 2849 476 2906 Salustius'
496 2846 531 2917 e's.
549 2865 636 2918 supro
656 2849 821 2904 Coeuttius'
842 2850 904 2904 Pal.
923 2850 981 2904 eod
1001 2851 1107 2906 Scauri.

161 2929 271 2985 Riteeitl
298 2934 350 2999 (op.
374 2931 481 3000 4228)
507 2947 527 2984 u
552 2931 634 2985 etiam
663 2929 781 2985 litteram
802 2945 855 2998 pro
881 2945 905 2996 o,
933 2931 946 2983 i
965 2947 1018 2999 pro
1041 2931 1108 2984 eiu

90 3002 278 3057 ucluueuun
287 3003 415 3056 termiuot
416 3001 678 3056 ionibusaOaroite'o
684 2971 1107 3070 prieriumpositdsesseeoaieeit.

89 3075 124 3140 u.
143 3073 274 3139 seusa,
292 3073 383 3129 mae.
401 3074 515 3130 eausa
535 3077 579 3142 rs,
593 3076 655 3127 312.

454 3226 497 3330 Q.
530 3224 744 3312 ENNIUS

159 3374 246 3423 uatus
269 3367 373 3422 Rudis
395 3387 420 3422 a
441 3367 560 3451 5152239
579 3367 698 3422 Romam
716 3383 777 3421 eum
798 3366 899 3420 Oatoue
924 3373 1108 3434 quaestores.

91 3440 211 3513 5501204
229 3439 381 3504 aenituit
393 3439 501 3493 Latiua
520 3439 618 3522 leliqua
637 3439 730 3492 docuit
748 3439 803 3506 (De
818 3437 874 3492 tud
889 3438 939 3490 litt.
955 3439 999 3505 1);
1011 3443 1109 3506 postea

89 3526 149 3564 eum
174 3512 218 3566 Μ.
237 3479 342 3565 Fusiis
365 3509 561 3566 Nobiliorem
589 3509 700 3564 Aetolia
727 3509 870 3572 militavit,
899 3525 916 3561 a
943 3508 1023 3560 ouius
1049 3507 1107 3572 {itio

92 3582 193 3652 Quinto
213 3583 325 3637 mutate
342 3599 368 3635 a.
389 3583 509 3652 570s184
528 3581 705 3636 douatust
666 3588 712 3634 est.
746 3587 868 3634 mortuus
881 3583 920 3632 est
942 3596 966 3632 a.
988 3575 1107 3648 5854169

862 3666 891 3719 1*
