2480 3904
157 219 223 283 502
323 217 529 273 Grammatieae
549 218 651 271 aetatis
670 217 831 288 Augusteae
850 219 1009 289 fragmenta

156 381 201 447 (ef.
218 380 250 433 de
264 397 296 434 eu
310 380 466 447 quaestione
483 379 721 445 GLaemrnerltirt,
741 379 886 433 Coruneent.
899 380 970 448 plul.
984 380 1043 433 Jeu.
1058 383 1080 432 4.
1100 381 1161 430 1890

151 468 182 519 p.
198 451 271 519 320).
300 451 435 504 miltites
455 453 594 518 posterius
614 468 780 519 persuasura
805 459 859 516 est;
885 453 946 505 lieet
970 452 1041 504 euim
1064 450 1162 504 &rrius

156 522 274 576 alterurn
296 522 330 576 ab
349 521 434 576 altero
454 523 578 576 Pollione
600 538 657 576 non
681 523 826 588 discernat,
852 539 934 590 quom
956 521 1161 576 eonsuetudines

156 593 234 662 opud
252 593 372 647 Latinos
389 595 533 661 seriptores
552 595 662 661 saepius
684 595 799 662 reperiri
820 610 908 662 supro
929 595 1060 658 uidimus,
1083 607 1162 661 napos

156 666 294 719 Pollionis
307 664 444 719 Aeneidos
462 665 617 732 interpretis
636 666 671 718 ao
685 667 787 719 Asinio
805 667 853 718 illo
871 667 977 719 homine
994 667 1059 718 sani
1075 663 1162 716 iudici

155 737 316 804 subtilisque
339 737 489 805 elepontiee
508 738 594 804 plone
613 737 720 790 alienas
739 753 792 790 esse
811 737 929 791 lietberte
947 737 1040 790 docuit
1061 736 1161 803 (psalm¹

157 808 195 860 ad
210 809 286 877 Verp.
297 824 328 875 p.
339 811 391 862 114
398 809 454 875 sp).
487 808 602 872 fuerunt
615 809 713 861 Asinii
726 809 865 862 Polliones
879 809 962 862 etiarn
974 814 1070 876 postes
1081 807 1163 860 ninus

156 879 259 933 nobiles
287 879 331 946 (es.
355 879 434 932 ruodo
458 879 571 947 Prosop.
597 880 661 947 imp.
687 879 765 932 Rom.
789 884 883 944 1,1o3
901 885 926 932 et
944 881 1065 948 Iolen),
1092 883 1115 931 et
1136 876 1163 928 de

154 966 274 1018 persona
293 951 448 1017 interpretis
466 949 576 1004 Seruius
594 966 696 1004 enasse
709 957 805 1019 potest.

645 1084 687 1142 13

224 1187 302 1246 illud
338 1187 417 1264 quod
453 1187 576 1248 Asinius
608 1187 704 1248 Pollio
742 1189 815 1247 dicit
852 1191 932 1248 earet
968 1189 1095 1261 ratione,
1131 1186 1161 1243 de

111 1299 116 1310 ·
156 1277 374 1336 Achaemenide
405 1277 518 1335 dietum
550 1271 651 1336 ‘miles
678 1273 787 1351 Ulixi',
817 1277 1020 1354 Myrmidonas
1047 1296 1112 1335 vero
1136 1279 1161 1332 et

156 1367 290 1443 Dolopas
322 1369 493 1441 praesentes
527 1385 589 1425 esse
621 1369 757 1442 aceeptus
791 1367 828 1426 ab
856 1367 986 1442 Heleno,
1023 1367 1063 1426 sie
1093 1367 1161 1424 euim

157 1456 231 1515 dieti
253 1455 403 1532 frangitur
426 1455 565 1533 dignitas

227 1545 301 1600 Sero.
319 1547 389 1599 Aen.
404 1549 464 1612 2,7
488 1545 555 1597 ‘aut
574 1544 636 1598 duri
655 1545 735 1598 miles
755 1543 852 1600 Ulixi’.
884 1546 948 1599 duri
966 1563 1022 1600 non
1040 1541 1160 1598 laboriosi

158 1617 207 1670 sed
225 1615 346 1670 erudelis
366 1648 408 1670 -.
445 1631 504 1670 mun
522 1619 617 1670 autem
636 1631 697 1679 quou
710 1649 736 1656 -
750 1631 854 1680 mantem.

646 1761 687 1816 14

129 1907 131 1912 .
226 1863 262 1923 de
280 1865 334 1923 illo
354 1865 418 1923 loeo
438 1864 526 1922 multi
546 1867 693 1939 quaerunt
712 1858 799 1943 [Aen.
820 1867 847 1934 6,
865 1860 956 1944 561];
977 1861 1053 1942 ‘quis
1070 1867 1158 1923 tantus
1221 1839 1222 1844 ἵ

158 1954 281 2032 clangor
300 1953 339 2012 ad
357 1947 477 2012 auras‘l'
510 1956 540 2011 et
556 1951 654 2012 Pollio
673 1953 745 2012 dicit
759 1953 877 2014 Aeneae
895 1959 926 2013 et
940 1953 1079 2030 Sibyllae,
1096 1969 1158 2028 quas

157 2043 204 2102 illi
232 2061 330 2102 seeum
358 2044 525 2116 traxerant,
556 2060 624 2100 eum
652 2046 766 2102 constet
791 2062 854 2102 esse
877 2043 968 2101 etiam
992 2043 1053 2104 illic
1075 2059 1157 2100 auras.
1220 2111 1221 2114 Ἴ

230 2133 301 2188 Sere.
316 2134 386 2186 Aen.
398 2137 423 2198 6,
432 2135 485 2186 554
497 2149 579 2184 auras
594 2133 689 2186 autem
703 2132 801 2186 inferis
816 2149 954 2202 congruas
968 2132 1156 2202 intellegamus.
1220 2127 1221 2153 ¹

158 2203 265 2258 Statius
285 2204 318 2256 de
334 2203 471 2256 Mercurio
488 2203 529 2256 ait
548 2203 594 2274 [ef.
614 2204 782 2274 turone}
801 2204 900 2274 pigrae
919 2220 1004 2258 aurae
1023 2204 1080 2258 eius
1093 2203 1157 2270 inps

158 2275 275 2330 (fiebant
292 2274 427 2328 volatum.
464 2289 492 2328 de
505 2289 545 2328 illo
564 2274 639 2327 enim
656 2290 706 2329 loeo
724 2307 751 2314 -
768 2301 840 2330 auras.

646 2416 688 2475 15

227 2518 387 2582 ‘extulerat
400 2516 517 2581 lueem'.
546 2522 670 2581 Asinius
684 2522 782 2582 Pollio
799 2523 873 2582 disit
886 2523 999 2599 ubique
1009 2522 1155 2601 Vergilium

158 2613 190 2671 in
226 2612 287 2670 diei
323 2610 521 2688 descriptione
559 2630 723 2671 sermonem
760 2612 889 2687 aliquem
926 2632 1036 2688 ponere
1071 2615 1155 2687 aptum
1218 2601 1219 2611 ¹

158 2702 365 2778 praesentibus
393 2701 495 2774 rebus,
525 2704 560 2759 ut
583 2699 741 2775 hocloco,
771 2703 843 2777 quia
866 2702 1003 2760 funerum
1027 2705 1056 2762 et
1077 2697 1155 2776 sepul·

158 2794 295 2850 turarum
317 2808 364 2850 res
388 2792 496 2868 agitrn,
525 2790 599 2848 dieit
622 2791 782 2863 extulerat,
809 2790 881 2848 item
904 2789 937 2848 in
960 2795 1075 2866 quarto,
1100 2789 1155 2865 quia
1217 2811 1218 2841 r

159 2881 204 2939 est
222 2882 421 2958 navigaturus
435 2879 551 2938 Aeneas
571 2883 602 2937 et
619 2879 776 2938 relicturus
794 2879 950 2952 Didonem,
974 2879 1048 2940 dicit
1067 2870 1154 2958 [585]:

159 2964 293 3028 ‘Tithoni
317 2988 453 3029 croesum
475 2969 612 3043 linquens
636 2968 753 3028 Aurora
777 2963 892 3027 cubile'.
1216 3005 1217 3069 ,

230 3066 303 3123 Serv.
322 3070 391 3122 Aen.
408 3071 520 3133 11,183
539 3083 689 3121 extulerat-
702 3081 782 3121 cubile.

530 3306 797 3393 LURANIUS

232 3465 389 3521 Luraniun
414 3472 454 3523 oet
480 3471 636 3526 Luraninru
659 3475 815 3544 Anqusteae
842 3475 940 3529 aetates
966 3476 1152 3545 mammutius

160 3535 303 3588 tenendum
326 3553 379 3590 esse
397 3547 475 3605 puto,
498 3558 558 3595 eum
582 3543 614 3597 cle
636 3547 746 3598 nemine
768 3546 800 3599 in
823 3545 960 3600 rediuiua
983 3547 1112 3600 mnsensie
1126 3543 1153 3596 ul

160 3598 313 3665 (lauranius
338 3608 395 3660 sod.
417 3609 540 3680 Aryent.)
566 3630 650 3682 neque
672 3616 822 3685 frapurenti
844 3617 902 3670 eius
925 3624 1107 3688 assumentum
1125 3612 1153 3667 ui

1208 3771 1213 3853 l
