2460 3900
216 179 305 234 Iulius
325 179 433 235 Caesar.
470 178 597 234 Volnius.
636 177 745 232 Antias.
783 177 900 232 Sisenna
1003 177 1065 242 127

307 421 584 509 VALERIUS
616 419 806 507 Assius

53 613 56 620 ·
125 591 191 646 Veii.
205 596 233 658 2,
248 595 266 644 9
284 591 421 644 vetustior
440 589 558 644 Sisenna
575 587 631 642 fuis
650 587 768 657 Coelius,
788 588 915 658 aequalis
934 587 1069 642 Sisennae

54 691 86 702 -
100 661 226 716 Valerius
245 661 353 716 Antias.

419 839 467 894 EX
490 838 698 893 ANNALIBUS

396 976 414 1031 1
439 966 556 1052 [ΗΜἹ
573 975 614 1031 10
628 967 725 1052 Peter]

121 1079 234 1138 Ancum
263 1098 444 1156 praenomen
472 1111 514 1120 ——
538 1078 677 1138 Valerius
705 1079 813 1138 Antias
844 1078 956 1154 scribit,
990 1078 1070 1154 quod

59 1167 184 1227 cubitum
206 1170 350 1228 vitiosum
372 1168 521 1243 habuerit,
545 1169 597 1244 qui
620 1187 725 1246 graece
748 1171 872 1228 vocatur
895 1164 1002 1247 ἀγκών.

125 1268 222 1322 locent.
246 1268 279 1322 dc
301 1271 485 1336 praecem
522 1280 611 1322 Ancum
629 1293 766 1330 praenomen
797 1266 885 1322 Varro
921 1267 970 1338 [fr.
995 1268 1071 1338 325],

59 1351 157 1393 Valerius
169 1370 203 1378 —
217 1345 302 1402 ἀγκών.

126 1575 216 1656 ὄνομα
236 1573 268 1637 δὲ
288 1575 392 1638 κοινὸν
410 1576 537 1650 ἅπαντες
561 1570 643 1639 οὗτοι
666 1576 751 1657 ἔσχον
770 1575 903 1654 Κελέριοι
926 1571 1071 1658 [eqcciics]‚

64 1661 99 1736 ὣς
120 1663 171 1743 μὲν
193 1666 360 1738 occisione
383 1666 561 1746 γράφουσιν,
584 1664 632 1726 ἐπὶ
652 1675 704 1744 τῆς
724 1663 862 1744 ὀξύτητος
884 1675 943 1726 τῶν
962 1665 1070 1746 sinque-
1104 1708 1107 1714 ‚

66 1763 139 1833 σιῶν,
161 1789 202 1797 -
231 1752 272 1828 ὡς
295 1752 328 1815 δὲ
350 1753 511 1836 Οὐαλέριος
534 1751 549 1815 ὁ
570 1747 700 1828 Ἀντιεύς
724 1772 832 1841 φησιν,
859 1752 907 1816 ἐπὶ
929 1763 982 1816 τοῦ
1005 1752 1070 1836 ἡγε-

67 1842 147 1919 μόνος
169 1844 267 1905 uisus}
290 1838 369 1906 τοῦτ’
395 1843 511 1924 ἔχοντος
533 1841 673 1924 τοῦνομα.

128 1944 243 2014 Diony&
259 1945 297 1999 H·
312 1948 387 2011 2,.13
406 1949 480 2008 ὄνομα
497 1975 531 1985 -·
545 1948 656 2008 τοῦνομα.

223 2313 268 2395 L.
302 2310 627 2397 CORNELIUS
661 2309 902 2396 SISENNA

213 2484 298 2532 nutus
315 2479 389 2533 eirea
407 2496 433 2533 u.
449 2479 588 2550 635s119,
616 2485 740 2534 mortuus
758 2496 783 2533 u.
799 2478 912 2549 687s67

397 2658 436 2726 A.
460 2656 730 2724 TESTIMONIA

131 2804 153 2852 1.
174 2799 228 2854 Oic.
254 2801 338 2854 Brut.
356 2803 459 2868 258eq.
497 2799 587 2853 solum
615 2798 742 2868 quidem,
775 2798 869 2867 inquii
897 2798 947 2853 ille
980 2799 1072 2882 [Pom-

63 2869 156 2934 ponius
164 2870 296 2942 Atticses],
310 2872 339 2924 ei
353 2869 435 2939 qussi
448 2869 663 2924 fundamentum
678 2870 796 2925 oratoris
810 2870 888 2924 vides
902 2870 1074 2924 locuuonem

67 2941 233 2996 emendatam
251 2943 280 2995 et
294 2941 433 3009 Lacunam,
452 2941 531 2996 cuins
549 2957 635 3011 penes
654 2958 724 3010 quos
743 2942 805 2995 leus
824 2941 916 2995 adhuc
934 2941 997 3010 fuis,
1016 2959 1074 2996 non

66 3008 114 3063 fuit
130 3012 247 3067 raiionis
262 3015 311 3066 aui
325 3013 467 3082 scientiae,
488 3013 537 3068 sed
551 3013 633 3082 quasi
646 3013 737 3068 bonae
752 3013 970 3068 consuetudinis.
990 3012 1073 3068 mitto

67 3078 89 3133 C.
103 3081 226 3138 Laelium
239 3083 269 3138 P.
286 3083 456 3152 Scipionem:
481 3083 583 3138 aciatis
602 3083 679 3138 illius
698 3085 755 3138 isia
773 3083 829 3138 fuit
846 3084 908 3137 laus
927 3087 1074 3153 tamquam

66 3149 233 3210 innocentiae
247 3154 287 3210 sic
301 3154 391 3211 latine
404 3155 539 3225 loquendi
553 3158 615 3226 (nec
629 3157 754 3210 omnium
768 3159 871 3222 iumen,
886 3173 951 3209 nem
960 3155 1073 3210 illorum

66 3226 186 3294 aequales
210 3225 363 3281 Caecilium
392 3229 421 3282 ei
442 3227 595 3282 Pacuvium
621 3227 696 3282 male
723 3227 831 3282 locutos
859 3226 995 3298 videmus)
1024 3228 1074 3282 sed

66 3311 151 3351 omues
169 3299 231 3352 ium
248 3297 316 3366 fere,
335 3297 384 3366 qui
402 3314 453 3352 nec
473 3301 551 3353 extra
569 3297 668 3353 urbem
686 3299 758 3353 hanc
777 3298 904 3352 vixerant
920 3315 1012 3366 neque
1027 3316 1074 3353 eos

66 3364 153 3435 aliqua
169 3368 315 3424 barbaries
330 3369 484 3424 domestica
498 3371 694 3438 infuscaverai‚
712 3371 788 3424 reete
802 3369 998 3438 loquebantur.
1025 3371 1074 3424 sed

64 3435 129 3494 hanc
147 3445 222 3496 certe
239 3457 298 3496 rem
318 3441 486 3498 desenorem
503 3443 628 3496 vetustas
646 3441 715 3496 fecit
734 3443 763 3495 et
777 3441 883 3496 Romae
902 3443 931 3495 et
944 3442 975 3496 in
989 3440 1075 3495 Grae-

65 3507 110 3564 cia.
145 3512 336 3567 confluxerunt
364 3511 439 3568 enim
467 3515 496 3568 ei
517 3513 644 3582 Athenas
670 3515 701 3567 et
723 3512 753 3566 in
775 3511 849 3566 hanc
871 3511 969 3566 urbem
990 3511 1074 3566 multi

64 3577 203 3651 inquinate
226 3583 373 3654 loquentes
393 3602 427 3638 ex
446 3583 561 3638 diversis
580 3583 659 3639 locis.
692 3600 747 3652 quo
767 3583 857 3653 magis
875 3582 1074 3652 expurgandus
