2442 3902
437 167 474 220 M.
494 167 602 221 Tullius
623 168 688 222 Tiro
749 203 750 206 =
858 242 860 247 Ι
1005 172 1069 236 395

487 338 507 397 5
530 332 633 417 [decet]

119 447 212 523 apud
237 446 385 506 eundem
409 448 550 522 poetam
575 439 675 524 [Hom.
695 447 737 505 Il.
755 450 784 516 7,
800 442 856 527 89]
880 447 973 506 Aiax
994 467 1070 506 cum

56 535 208 596 Hectore
239 535 475 613 congrediens
506 535 737 612 depugnandi
767 554 874 595 causa
906 539 999 614 agit,
1031 540 1071 594 ut

54 627 264 702 sepeliatur,
283 625 312 683 si
331 627 380 684 sit
398 624 492 683 forte
506 623 636 698 victus,
656 624 890 701 declaratque
915 645 951 684 se
973 626 1069 685 velle

56 720 94 774 ut
112 734 212 775 suum
226 714 402 773 tumulum
420 713 545 771 multis
565 715 674 772 etiam
692 718 775 789 post
789 716 945 773 saeculis
965 734 1068 791 prae-

55 808 238 864 tereuntes
263 803 314 862 sic
336 803 547 877 loquantur:
572 798 645 861 ‘hic
668 803 760 862 situs
784 808 838 862 est
861 806 958 864 vitae
981 806 1068 862 iam·

54 894 188 969 pridem
212 893 347 951 lumina
371 892 551 966 linquens,
572 885 586 969 s
607 893 666 967 qui
691 893 867 968 quendem
890 893 1068 952 Hectoreo

56 983 241 1057 perculsus
278 980 438 1040 concidit
473 974 597 1059 enses
623 981 765 1040 fabitur
796 982 883 1041 haec
920 975 1069 1058 reliquie,

58 1091 129 1130 mea
152 1059 289 1146 semper
311 1071 430 1148 gloria
453 1065 578 1128 vivet'.

127 1170 195 1226 cell.
211 1175 255 1235 15,
270 1174 326 1235 6,1
345 1169 375 1221 in
394 1168 466 1222 libro
480 1167 517 1221 Μ.
533 1167 628 1237 Tullii,
647 1170 696 1236 qui
710 1173 753 1224 est
768 1171 906 1223 secundus
922 1170 956 1224 de
971 1170 1071 1240 gloria,

58 1242 219 1296 manifestus
237 1258 313 1296 error
331 1243 373 1294 est
392 1257 447 1294 non
465 1257 585 1308 magnae
603 1241 652 1307 rei,
672 1258 755 1309 quem
774 1257 893 1295 errorem
908 1259 968 1295 esse
982 1242 1071 1310 possit

59 1329 221 1382 cognoscere
249 1330 305 1366 non
333 1311 435 1378 aliquis
464 1313 650 1378 eruditorum,
679 1313 728 1366 sed
756 1313 805 1380 qui
832 1314 944 1366 tantum
969 1313 1071 1383 legerit

58 1385 183 1453 Ὀμήρου
201 1384 234 1438 τὸ
253 1383 271 1451 ή
289 1383 430 1454 [89-91].
463 1401 548 1450 quam
567 1383 602 1438 ob
622 1399 681 1436 rem
699 1401 755 1438 non
773 1386 833 1437 tam
851 1384 882 1437 id
900 1384 1072 1438 mirabamur

58 1469 160 1510 errasse
178 1457 209 1509 in
228 1472 262 1509 ea
279 1471 309 1508 re
328 1455 365 1508 M.
380 1454 511 1520 Tullium,
527 1472 611 1538 quam
627 1472 684 1508 non
703 1455 1005 1538 esseflanimadversum
1018 1457 1071 1540 boc

59 1529 398 1668 transmissa
412 1525 716 1666 {Isttslstts
730 1526 1071 1652 sltttttltstaett

59 1671 129 1723 cuim
154 1670 290 1739 scriptum
315 1669 345 1722 in
370 1686 403 1722 eo
428 1668 501 1721 libro
527 1671 569 1722 est
595 1669 666 1740 [ΙΙΙ8
687 1687 716 1737 p.
737 1674 789 1724 331
818 1671 874 1725 OF
887 1671 1069 1741 WMueller]:

59 1757 115 1803 apud
127 1757 222 1797 eundem
235 1773 262 1780 -
276 1755 347 1804 gloria
366 1755 432 1794 vivet.

433 1971 690 2027 EPISTULARUM
701 1976 703 1980 ’

180 2115 227 2168 DE
247 2115 364 2169 REBUS
384 2115 635 2174 GRAMMATICIS
654 2115 945 2180 RHETORICISQUE

489 2287 508 2342 a
533 2279 635 2363 [erar]

125 2411 258 2486 culpavit
277 2403 361 2488 [Tim
378 2403 507 2487 Tullios]
529 2412 656 2484 primum
676 2410 732 2468 hoc
754 2409 833 2484 quod
852 2409 926 2468 Cato
950 2410 1070 2468 ineru-

62 2497 134 2556 dite
156 2503 189 2558 et
211 2497 416 2577 ἀναγώγως,
439 2503 473 2557 ut
494 2499 557 2573 ipse
577 2499 627 2574 eit,
651 2499 799 2573 principio
818 2501 907 2558 nimis
930 2500 1071 2558 insolenti

65 2588 204 2664 nimisque
234 2591 296 2646 acri
319 2592 349 2646 et
377 2588 580 2666 obiurgatorio
607 2607 678 2646 usus
709 2589 762 2661 sit,
792 2607 859 2646 cum
886 2591 982 2647 vereri
1009 2607 1070 2647 sese

63 2678 194 2751 ostendit,
221 2697 258 2736 ne
282 2681 382 2752 patres
405 2677 516 2754 gaudio
540 2681 631 2752 atque
659 2676 778 2736 laetitia
804 2697 904 2736 rerum
931 2696 1071 2753 prospere

64 2768 207 2841 gestarum
231 2767 266 2824 de
295 2769 376 2826 statu
403 2768 511 2844 mentis
539 2784 609 2825 suae
638 2766 787 2824 deturbati
817 2786 876 2824 non
905 2769 979 2824 satis
1003 2784 1070 2824 con·
1099 2785 1111 2821 n

66 2855 188 2928 siperent
219 2875 313 2931 neque
347 2855 383 2912 ad
416 2859 495 2914 recte
531 2855 764 2932 intellegendum
801 2855 1071 2929 consulendumque

66 2948 157 3003 essent
181 2945 289 3004 idonei.
335 2948 371 3002 in
401 2946 597 3020 principiis
629 2948 749 3002 autem
781 2945 880 3018 inquit
911 2945 1071 3019 patroni,

65 3033 123 3106 qui
139 3054 200 3109 pro
219 3036 290 3093 reis
313 3034 450 3107 dicunt,
474 3033 671 3093 conciliare
694 3033 764 3091 sibi
788 3035 822 3092 et
846 3034 1070 3108 complacare

67 3119 196 3182 iudices
214 3124 344 3182 debent
362 3142 558 3199 sensusque
578 3141 698 3181 eorum
719 3122 971 3196 expectatione
990 3141 1070 3180 ceu·

65 3227 121 3268 sae
138 3231 324 3288 suspensos
348 3214 581 3290 rigentesque
599 3211 817 3271 honorificis
841 3212 1071 3270 verecundis·
1086 3231 1112 3270 ro

69 3318 127 3372 que
158 3302 350 3360 sententiis
388 3303 634 3375 commulcere‚
672 3320 741 3359 non
777 3300 925 3358 iniuriis
963 3304 1071 3374 atque

66 3388 263 3464 imperiosIs
296 3391 558 3449 minationibus
591 3391 789 3449 confutare.
835 3391 936 3465 ipsum
966 3389 1071 3447 deinde

68 3478 235 3555 principium
246 3481 394 3556 apposuit,
404 3483 486 3538 cuius
502 3480 591 3538 verba
605 3481 678 3537 haec
687 3482 757 3536 sunt
772 3472 846 3557 [Vr
856 3472 970 3557 Jord.]:
986 3475 1071 3536 ‘scio

67 3566 173 3626 solere
200 3571 384 3645 plerisque
412 3569 616 3627 hominibus
640 3567 744 3626 rebus
773 3567 939 3625 secundis
963 3571 1071 3641 atque
