2480 3904
180 165 246 228 460
344 163 550 217 Grammaticos
569 161 671 216 aetatis
690 162 852 230 Augusteae
871 159 1032 230 fragmenta

251 325 334 379 Paul.
349 325 423 378 Fest.
439 341 469 391 p.
486 327 564 389 6,16
586 337 679 376 alterum
694 355 720 361 -
735 328 819 390 ἕτερον.
849 321 967 390 quidam
984 337 1048 375 vero
1067 337 1098 374 ex
1114 323 1174 373 utrc-

182 412 236 464 que
264 411 324 450 eese
353 394 539 462 compositum
567 393 648 456 ditior
674 396 703 447 et
732 391 832 462 ἕτερος.
870 395 906 459 cf.
930 395 999 448 laid.
1024 410 1060 448 cr.
1084 397 1126 458 10,
1140 395 1173 444 21.

183 467 268 524 ocu
287 468 444 532 1115,29.
465 469 528 531 315,
543 468 587 518 55.

643 617 662 675 5
686 611 735 696 191

249 761 353 820 graece
385 761 455 801 arae
486 741 569 817 ipsae
602 741 695 800 ἵππου
725 749 804 800 νῶτα
834 742 982 816 dicuntur,
1015 743 1049 798 ut
1076 739 1178 798 Sinnius

183 831 290 908 Capito
313 831 449 906 tradidit,
472 831 633 890 secundum
655 830 827 890 Homerum.

253 931 325 985 Serv.
347 931 425 984 Dan.
445 931 514 984 Aen.
534 934 627 996 1,110
655 930 768 982 dorsum
791 931 887 982 autem
910 929 963 982 hoc
986 928 1048 982 loco
1070 945 1121 981 non
1139 925 1179 978 ab·

183 1002 266 1056 surde
284 1001 333 1067 aii,
353 1001 420 1068 quia
438 1027 517 1064 graece
530 1033 557 1040 -
570 1015 700 1055 Homerum.
738 1001 889 1056 Sirmiudne
907 1003 965 1070 ipse
983 1003 1039 1056 inc
1056 999 1091 1054 ad
1107 1001 1180 1053 imm

189 1075 302 1144 Vergilii
319 1074 599 1127 animadvertentem
617 1090 683 1139 noa,
701 1075 733 1126 111
751 1074 839 1128 medio
857 1073 1065 1141 relinquendam
1082 1077 1122 1125 eat.

634 1244 653 1300 1
677 1235 748 1320 [11]

249 1367 341 1426 tertia
358 1367 432 1425 haec
451 1368 496 1424 est
514 1366 719 1444 interrogandi
737 1369 857 1442 species,
881 1370 917 1425 ut
935 1366 1040 1426 Sinnio
1060 1363 1181 1440 Capitoni

165 1465 166 1470 ’
183 1457 309 1532 videtur,
328 1457 480 1532 pertinens
496 1455 534 1514 ad
549 1455 680 1514 officium
695 1457 725 1514 11
743 1455 987 1515 consuetudinem
1006 1454 1180 1523 senatoriam

184 1546 303 1622 quando
331 1545 409 1604 enim
433 1544 543 1620 aliquis
571 1544 749 1603 sententiam
780 1545 845 1604 loco
868 1563 923 1603 suo
946 1545 1009 1604 iam
1032 1544 1137 1602 dixerat
1155 1543 1181 1596 11

185 1636 260 1694 alius
288 1637 393 1710 postea
419 1635 620 1712 interrogatus
650 1632 795 1708 quaedam
823 1633 982 1692 videbatur
1004 1636 1049 1692 111
1073 1632 1179 1702 locutis

158 1726 219 1782 but
240 1724 366 1783 refutari
388 1741 474 1798 posse
497 1723 660 1781 iustissime
678 1722 859 1797 viderentur,
882 1723 1056 1797 postulabat
1075 1721 1122 1780 ille
1139 1716 1180 1794 qui

184 1815 245 1871 iam
273 1814 453 1872 sententiam
480 1811 608 1886 dixerat,
641 1813 675 1870 ut
702 1811 760 1870 sibi
787 1812 891 1870 liceret
917 1813 1111 1889 interrogare,
1136 1809 1180 1865 hoc

185 1905 230 1962 est
252 1902 338 1960 illum
360 1901 538 1977 redarguere
557 1901 640 1959 cuius
664 1902 812 1959 sententia
834 1901 866 1958 in
888 1901 993 1959 multis
1012 1902 1095 1976 quasi
1114 1915 1179 1956 men·

185 1991 242 2051 dax
266 1994 297 2050 et
318 1990 501 2049 calumniosa
524 1989 663 2067 redargui
687 1994 795 2065 posset.

256 2089 341 2144 Schol.
367 2089 436 2142 Bob.
456 2089 487 2141 ia
508 2088 562 2142 Cic.
577 2106 607 2158 p.
628 2090 683 2143 342
704 2087 750 2142 O-r.
777 2087 890 2157 proprie
916 2087 1098 2158 interrogatio
1120 2085 1179 2137 dice·

184 2161 276 2227 batur,
296 2175 351 2229 qua
369 2161 456 2213 168198
475 2159 725 2229 redarguebantur.
761 2173 829 2213 tertio
841 2175 897 2213 haec
911 2191 938 2199 -
952 2177 1032 2222 ponec

257 2272 272 2320 3
293 2265 401 2335 aliquid
474 2271 489 2318 5
508 2268 603 2335 posset
677 2267 882 2321 trententiam

635 2437 655 2493 7
679 2430 751 2515 [23]

253 2563 417 2619 monstrum
441 2591 483 2600 -
508 2559 628 2618 Sinnius
653 2557 759 2635 Capito
788 2533 868 2637 quod
894 2563 1043 2620 monstret
1068 2559 1179 2616 futurum

188 2653 218 2709 11
239 2654 359 2708 moueat
382 2650 568 2708 voluntatem
591 2648 721 2707 deorum.

258 2749 332 2803 Fest.
352 2765 381 2816 p.
403 2751 484 2812 138⁶,
499 2753 533 2802 18
560 2765 690 2812 montrum,
717 2748 749 2799 ut
776 2746 872 2801 Aelius
900 2746 972 2802 Stilo
1001 2743 1179 2815 interpretatur

189 2821 234 2892 [fr.
251 2819 305 2890 17].
342 2819 411 2872 item
430 2833 589 2874 sinnius—d
590 2844 672 2873 mmmmm

647 2989 668 3046 a
691 2980 741 3065 [5]

254 3131 308 3170 uec
327 3114 563 3171 coniunctionem
582 3111 771 3190 grammatici
791 3111 853 3169 fere
872 3111 976 3170 dicunt
994 3130 1055 3172 esse
1073 3109 1175 3168 disiunc-

187 3200 295 3272 tivam,
327 3202 364 3257 ut
393 3194 790 3276 <1111111111111111111,
822 3218 890 3258 cum
913 3201 938 3258 si
962 3201 1125 3277 diligentius
1142 3195 1176 3250 iu·

188 3287 341 3361 spiciatur,
373 3291 410 3344 ut
441 3289 513 3346 fecit
540 3286 661 3347 Sinnius
691 3287 812 3364 Capito,
844 3288 980 3367 intellegi
1011 3289 1101 3364 possit
1127 3300 1177 3342 eam

187 3375 318 3444 positam
336 3391 398 3431 esse
413 3374 450 3432 ab
467 3376 598 3451 antiquis
618 3396 672 3451 pro
687 3397 755 3452 non,
774 3379 854 3436 utet
871 3379 904 3436 in
918 3377 977 3435 XII
996 3382 1041 3437 eat
1059 3363 1176 3454 [5,78·]2

162 3451 248 3514 s‘ast
270 3461 298 3514 ei
321 3464 419 3518 custos
442 3481 496 3520 nec
519 3460 614 3534 escit'3
638 3467 709 3524 iem
736 3459 906 3544 [8‚168.]:
933 3460 970 3526 ‘si
994 3466 1096 3525 adorat
1114 3461 1176 3520 tuto

189 3543 268 3614 quod
286 3563 339 3602 nec
357 3548 547 3608 manifestum
567 3549 643 3610 erit’‚
682 3557 712 3612 ct
731 3554 812 3627 apud
831 3554 975 3613 Plautum
995 3555 1026 3612 in
1044 3551 1176 3612 Phasmaia
