2442 3902
171 152 237 217 356
322 152 527 207 Grammatioae
546 153 648 206 aetatis
667 153 857 207 Varronianae
876 152 1033 222 fragmenta

170 366 349 421 NOMINUM
372 365 598 421 COMMUNIUM

644 503 707 558 411

239 624 310 683 ager
333 605 491 680 aioifinius,
522 607 599 664 siout
622 607 665 665 ait
689 605 794 680 Varro,
822 607 859 664 ab
889 608 1021 666 arcendis
1046 605 1161 665 hostibus

171 699 216 755 est
240 695 418 771 appellatus.

244 793 374 848 Frontia.
393 811 477 864 eroon.
497 794 562 848 Lat.
577 795 597 847 1
609 798 627 847 6
644 810 711 847 nam
724 820 778 858 ager
791 827 818 834 —
831 811 963 857 appensam.
995 797 1043 850 IV
1052 794 1162 862 Discepta-

171 883 273 920 aorum
291 865 389 919 tribuit
407 865 514 919 Ritsobl
532 882 573 934 op.
594 869 619 931 3,
634 870 696 920 359.

645 1019 712 1076 412

239 1123 337 1182 Varro
365 1123 422 1182 diis
451 1124 565 1199 superis
597 1124 719 1198 altaria,
751 1124 942 1183 terrestiibus
973 1143 1051 1197 aras,
1079 1123 1166 1180 inferis

171 1215 253 1273 focos
277 1212 370 1271 dioari
395 1211 540 1271 adfirmat.

243 1311 317 1367 Solu.
331 1311 407 1366 Dua.
423 1312 481 1364 boo.
494 1315 519 1376 5,
531 1316 568 1364 66
585 1311 712 1365 novimus
727 1311 802 1366 enim
816 1329 879 1365 aras
894 1314 923 1366 et
938 1311 993 1366 diis
1007 1329 1064 1366 asse
1076 1307 1167 1377 superis

172 1386 201 1436 ot
226 1381 324 1438 inieris
350 1385 540 1448 consecratas,
568 1382 671 1436 altaria
694 1399 757 1438 vero
782 1399 843 1438 osse
868 1400 1051 1452 supernorum
1073 1383 1168 1436 tantum

173 1454 300 1517 deorum,
327 1468 400 1521 quae
419 1452 455 1506 ab
475 1452 627 1507 altitudine
651 1458 781 1508 constant
805 1470 866 1509 esse
889 1457 1042 1509 nominata.
1062 1484 1091 1494 -
1108 1466 1167 1504 sum

172 1557 198 1565 —
217 1539 326 1578 mamas
364 1525 432 1579 laid.
457 1542 520 1594 app.
540 1526 657 1579 XXIII
676 1526 736 1592 diff.
760 1528 830 1581 verb.
849 1531 906 1583 227
933 1527 1009 1582 inter
1033 1524 1124 1581 altaria
1144 1523 1169 1574 et

173 1613 236 1648 aras
259 1596 312 1649 hoo
331 1595 462 1662 interest,
485 1595 562 1664 quod
581 1595 684 1650 altasia
701 1598 754 1651 deo
772 1602 928 1666 ponuntur,
953 1615 1018 1652 arae
1036 1597 1114 1652 etiam
1130 1593 1169 1646 de·

173 1667 278 1720 lunatis
307 1667 352 1738 [=
373 1666 458 1721 Sobel.
485 1668 570 1722 Bere.
596 1669 654 1722 bac.
675 1673 700 1735 5,
716 1669 771 1739 65].
809 1671 846 1723 id.
872 1686 912 1724 or.
938 1675 982 1735 15,
1002 1674 1078 1735 4,13
1106 1681 1170 1720 aram

172 1739 288 1806 quidam
307 1742 435 1792 vocatam
459 1738 597 1804 dixerunt,
621 1739 697 1807 quod
715 1739 756 1794 ibi
774 1739 905 1794 incensae
922 1742 1054 1795 victimae
1071 1739 1171 1793 ardeant

174 1810 219 1934 ΕΞ
235 1811 268 1864 de
281 1812 298 1864 l.
314 1811 348 1864 L.
365 1815 390 1876 5,
405 1810 466 1880 38],
486 1810 537 1863 alii
556 1826 618 1863 aras
638 1811 736 1864 dicunt
749 1829 767 1864 a
780 1811 1000 1881 precationibus,
1018 1813 1048 1865 id
1061 1813 1100 1865 est
1112 1823 1170 1876 quas

200 1881 274 1935 raeci
297 1880 369 1947 ἀρὰς
397 1880 507 1946 dieunt,
539 1881 614 1935 unde
638 1887 736 1936 eontra
763 1883 928 1952 imprecatio
954 1883 1062 1952 κατάρα
1083 1880 1171 1934 dicitur

174 1953 220 2024 [=
236 1952 308 2007 Sero.
324 1953 392 2006 Aea.
408 1955 435 2018 2,
450 1953 529 2024 515];
556 1952 606 2006 alii
624 1954 723 2008 volunt
738 1954 773 2008 ab
789 1954 940 2008 altitudine
955 1973 1026 2022 aras,
1045 1954 1091 2008 sed
1103 1949 1170 2028 mala

174 2023 317 2078 liuttere
337 2024 486 2077 autemab
507 2023 660 2078 altitudine
686 2028 795 2079 constat
824 2041 884 2080 esse
907 2026 1080 2080 nominatum
1105 2037 1171 2092 quw

79 2135 82 2144 ,
175 2095 234 2148 alta
248 2111 305 2148 ara.
330 2097 363 2162 of.
380 2095 462 2149 Paul.
479 2096 552 2150 Fest.
563 2113 594 2164 p.
605 2101 631 2162 5,
641 2100 667 2149 8.
682 2102 727 2163 29,
738 2101 780 2151 10.
801 2099 926 2152 Moerob.
942 2102 968 2164 3,
978 2103 1033 2164 2,8
1050 2099 1091 2165 (=
1106 2095 1170 2148 Varr-

173 2168 299 2236 fr.128).
333 2168 427 2235 Antio.
448 2166 502 2220 dio.
518 2167 545 2220 V
559 2169 657 2222 tribuit
676 2169 787 2223 Merkel.

650 2321 714 2377 413

1209 2387 1210 2408 t

243 2443 423 2484 amoena-
440 2427 526 2499 quasi
546 2427 675 2499 amunia,
694 2426 750 2485 hoo
769 2430 813 2485 est
832 2429 895 2485 sine
914 2427 1024 2500 bactu,
1044 2431 1077 2483 ut
1093 2423 1172 2480 Varro
1209 2489 1210 2500 χ

174 2516 206 2571 et
231 2511 399 2572 Carminius
423 2513 536 2572 docent.

246 2611 319 2667 Sero.
339 2613 407 2665 Aea.
423 2616 449 2678 6,
465 2616 520 2667 638
539 2638 633 2666 amoena
650 2617 754 2681 autem,
773 2630 846 2683 quae
865 2613 955 2668 solum
974 2629 1093 2668 amorem
1109 2622 1174 2679 pret

172 2685 262 2750 stant,
282 2682 333 2747 vel,
351 2686 384 2736 ut
403 2700 487 2752 supra
507 2683 628 2737 diximus
648 2685 686 2756 [5,
697 2686 774 2756 734],
793 2701 857 2749 quasi
870 2701 962 2740 amum·
974 2718 1002 2726 -
1015 2700 1097 2740 ems
1118 2678 1173 2735 laid

172 2771 214 2809 or.
226 2759 268 2820 14,
279 2758 307 2821 8,
317 2759 353 2810 33
368 2770 485 2809 amoena
499 2755 562 2809 looa
571 2755 685 2809 Verrius
696 2756 812 2811 Flaccus
828 2757 876 2828 [fr.
886 2757 949 2828 27];
965 2757 1053 2811 Varro
1068 2752 1174 2828 [Verrito

173 2823 293 2879 Flaccus
303 2827 389 2892 codd,
400 2828 448 2893 qus·
462 2825 550 2880 Varro
560 2829 654 2898 autea]
669 2827 745 2894 quod
759 2829 818 2882 sine
832 2845 946 2881 munere
961 2833 1035 2895 sunt,
1050 2843 1098 2882 neo
1108 2821 1175 2893 quid·

174 2913 261 2965 quam
272 2897 302 2949 in
311 2897 355 2950 his
366 2897 460 2964 officii,
475 2898 558 2966 quasi
568 2899 683 2952 amunia
695 2899 748 2952 hoo
759 2899 871 2954 estsine
881 2899 983 2964 fruetu,
999 2899 1073 2952 unde
1086 2897 1175 2950 sucus

175 2967 269 3022 nullus
280 2968 444 3034 exsolvitur,
459 2968 526 3023 inde
536 2969 623 3023 etiem
632 2969 704 3023 nihil
719 2973 895 3038 praestantes
910 2970 1048 3024 immunes
1062 2969 1176 3022 vocantur

177 3039 223 3112 [π
239 3040 311 3094 Sero.
327 3041 396 3095 Asu.
412 3045 437 3106 5,
454 3041 527 3111 734]¹
560 3043 594 3107 of.
615 3041 683 3095 Isid.
699 3043 759 3108 diff.
774 3043 843 3096 verb.
859 3047 902 3096 42.
923 3042 1010 3098 CGL
1035 3039 1175 3102 743136.

653 3196 717 3250 414

248 3297 361 3356 mundo
385 3296 479 3372 diota,
512 3299 591 3373 quod
619 3300 678 3357 cito
709 3303 832 3360 arescat.
884 3300 961 3358 hano
989 3304 1102 3358 veteres
1123 3313 1176 3354 osn-

179 3403 250 3442 nam
273 3388 463 3459 vocaverunt,
488 3387 662 3444 arundinem
685 3406 755 3446 vero
778 3392 896 3463 postea:
919 3388 996 3447 dixit
1018 3389 1118 3447 Varro.

252 3481 320 3533 leid.
340 3498 377 3534 or.
399 3486 441 3546 17,
461 3486 487 3546 7,
506 3488 542 3535 57
561 3498 646 3538 araneo
660 3517 687 3524 --
701 3500 779 3540 Varro.
818 3490 928 3557 Aureae.
948 3489 1016 3542 ortb.
1032 3504 1063 3556 p.
1082 3489 1138 3548 122,
1151 3483 1177 3534 16

182 3549 288 3601 mundo
307 3564 396 3601 canna
415 3554 458 3604 est
477 3551 513 3603 ab
533 3554 666 3608 ariditate
685 3555 769 3610 dicta.
