2442 3902
401 208 438 261 M.
458 207 604 282 Terentius
625 207 711 261 Varro
999 208 1062 272 347

522 379 590 436 381

111 493 164 552 hio
181 493 265 552 loeus
287 486 450 572 [Avernus]
475 496 543 552 aulo
563 495 705 554 silvarum
724 493 870 553 densitate
890 493 930 552 sio
955 494 1064 552 ambie-

43 580 146 656 batur,
164 586 198 642 ui
212 583 353 642 exhalans
370 583 439 641 inde
457 601 511 658 per
530 584 684 661 angustias
704 602 798 659 equae
817 583 973 658 sulpureas
993 583 1065 643 odor

43 672 241 748 gravissimus
270 672 493 748 supervolantes
517 691 586 732 aves
613 673 745 749 noceret3
775 672 852 732 unde
876 675 905 731 et
927 672 1064 732 Avernus

44 759 146 820 dictus
168 763 213 820 est
236 762 323 838 quasi
344 756 460 841 ἅορνος.

120 859 193 914 Seru.
212 861 282 914 Aea.
300 863 325 925 3,
340 863 394 913 442
413 875 481 912 sane
498 873 535 914 nso
553 876 616 915 laeua
630 893 656 901 -
670 865 759 930 ἄορνος.
788 862 863 916 sta.
883 879 910 914 a.
929 862 954 915 h.
970 864 1014 926 31,
1027 865 1064 915 21

45 928 161 984 Coelius
176 931 285 1002 [tradit]
301 932 377 999 apud
390 948 441 984 nos
456 931 486 985 in
500 932 608 986 Averno
624 932 711 986 etiam
725 931 795 986 folia
809 931 962 998 subsidere,
976 930 1065 986 Varro

46 1019 114 1056 aves
135 1018 205 1070 quae
225 1000 417 1058 advolaverint
435 1003 530 1057 emori.
566 1005 657 1058 eadem
676 1004 787 1058 Servius
805 1005 874 1058 Aea.
895 1008 919 1070 7,
935 1007 998 1070 563,
1017 1006 1067 1071 qui

47 1073 145 1128 addit.-
161 1073 306 1128 soisndum
324 1090 392 1128 sano
410 1074 564 1130 Varronem
583 1091 746 1131 enumerare
764 1077 834 1142 quot
851 1074 914 1128 loca
932 1075 963 1128 in
981 1074 1065 1128 Italia

48 1143 109 1198 sint
128 1145 305 1199 huiusmodi
324 1146 651 1217 [qraoiodorea'nfestal
685 1147 719 1213 of.
739 1148 776 1202 ia
792 1149 860 1201 Aea.
878 1151 903 1212 7,
918 1151 962 1201 84.
995 1147 1064 1202 Isis.

48 1233 87 1270 or.
105 1219 149 1283 13,
163 1222 207 1284 19,
221 1221 247 1271 8.
285 1217 401 1284 Samter,
419 1224 519 1286 quaest.
545 1219 660 1274 Varroa.
677 1236 706 1287 p.
723 1222 765 1272 71.

124 1329 138 1376 2
157 1324 271 1378 exulans
344 1323 490 1394 sulpureas
510 1324 624 1380 'Cassell
635 1324 813 1394 'sulphureas
831 1327 888 1380 rell.

523 1495 589 1554 382

121 1617 290 1680 Postumius
309 1619 344 1677 ds
364 1618 495 1678 adventu
513 1619 630 1678 Aeneae
655 1613 707 1699 [fr.
724 1614 757 1699 1]
782 1622 812 1678 et
829 1619 968 1680 Lutatius
988 1639 1067 1680 eom-

54 1708 185 1766 munium
203 1708 396 1766 histoiiarum
421 1701 473 1786 [fr.
488 1702 523 1787 3]
547 1707 653 1767 Boiam
673 1709 793 1768 Euximi
811 1709 929 1770 comitis
948 1709 1066 1770 Aeneae

55 1796 197 1857 nuhieem
217 1800 248 1857 et
270 1797 308 1856 ab
332 1798 395 1856 eius
418 1797 537 1857 nomine
555 1797 645 1857 Boias
668 1802 790 1858 vocatas
814 1799 929 1875 dieunt3
952 1803 1066 1860 velares

56 1886 153 1945 tamen
175 1889 295 1963 portum
313 1887 404 1946 Baias
428 1887 543 1947 dixisse.
581 1886 678 1946 Varro
697 1907 715 1946 a
734 1889 810 1948 Baio
828 1887 926 1948 Ulixis
950 1891 1066 1965 comite,

58 1977 110 2050 qui
130 1977 190 2036 illio
214 1977 348 2052 sepultus
372 1979 425 2052 est,
447 1976 538 2036 Baias
562 1976 657 2036 dictas
680 1978 782 2037 tradit.
1081 2000 1092 2040 5

124 2073 193 2129 Sero.
209 2075 286 2128 Dea.
302 2076 370 2128 Aea.
386 2079 412 2141 9,
427 2077 482 2128 707
495 2087 664 2130 Postumius—
674 2089 749 2130 nauis.
775 2077 810 2142 cf.
826 2076 863 2130 id.
879 2077 944 2132 aoid.
962 2082 988 2143 6,
1004 2081 1064 2132 107.

127 2189 139 2233 1
155 2180 316 2236 Postumius
332 2183 487 2237 Mnasias
500 2181 648 2250 postuinus
662 2184 789 2238 Florius.
803 2184 951 2252 postunius
962 2185 1066 2240 Autiss.

61 2258 75 2304 2
92 2251 234 2306 historiam
248 2255 381 2309 Florian.-
394 2271 441 2308 em.
458 2255 563 2308 Daniel
577 2255 622 2323 (cs.
638 2255 726 2321 Riese,
741 2255 794 2310 Ro.
811 2256 887 2310 Mus.
904 2259 948 2323 18,
959 2259 1066 2326 44889.)

60 2321 160 2377 llnxeni
177 2325 381 2392 Reifferscheid,
400 2326 453 2380 Ra
473 2325 549 2380 Mus.
571 2329 614 2391 15,
630 2330 684 2379 609
764 2330 779 2378 3
798 2326 926 2380 nutrioae
940 2329 1066 2382 Florius.

60 2409 101 2447 -oe
118 2396 219 2451 Aulius.
291 2395 376 2450 Boias
396 2397 577 2451 Commeliaas
595 2397 674 2450 baias
695 2397 821 2452 Florius.

524 2567 589 2624 383

121 2688 215 2749 Varro
247 2692 335 2764 putat
367 2688 457 2748 Caere
489 2690 632 2767 oppidum
665 2692 804 2750 Etruriae
834 2688 895 2770 (a)
925 2694 1067 2773 Pelasgis

63 2795 122 2836 oum
151 2779 286 2838 sitientes
316 2780 470 2838 inventum
500 2781 609 2838 fiumen
638 2783 807 2856 proximum
841 2825 1066 2844 ........

61 2867 234 3012 ἓαίιιῒαεεθηὺ
265 2873 345 2948 χαῖρε
378 2870 468 2944 atque
498 2889 533 2928 aa
566 2888 655 2930 oeusa
684 2871 716 2928 id
746 2871 924 2931 vocabulum
957 2875 1067 2950 oppido

77 2959 162 3016 atum.

123 3057 210 3112 Sohol.
226 3057 323 3111 Veron·
337 3057 528 3123 Aea.10,183
542 3073 614 3114 Varro
624 3091 651 3098 -
661 3073 743 3113 uatum.
763 3060 856 3114 eadem
869 3062 925 3128 sere
935 3063 1068 3133 quiaus

59 3127 143 3198 sr.13.
173 3130 208 3196 ef.
228 3128 345 3198 Dionys.
365 3129 402 3183 H.
418 3133 445 3195 3,
460 3133 502 3195 58,
518 3135 542 3184 1.
566 3136 592 3196 1,
605 3133 652 3196 20,
667 3135 692 3184 5.

124 3241 138 3288 2
158 3235 195 3290 ab
214 3233 264 3288 illo
283 3233 387 3304 oppido
406 3237 494 3305 suppl.
515 3237 581 3292 Keil

526 3407 590 3465 384

120 3529 214 3591 Varro
249 3523 363 3611 [refert]
396 3531 490 3590 filiam
521 3530 625 3608 Campi
656 3532 799 3608 Campam
832 3533 956 3608 dietam,
990 3534 1067 3591 undo

62 3621 224 3694 provinoiao
247 3638 367 3696 nomen3
394 3622 464 3700 post
487 3640 566 3696 vero,
589 3621 667 3682 siout
690 3620 803 3682 dietum
826 3623 879 3698 ost,
904 3620 1067 3684 Chaoniam
