2480 3904
78 179 107 234 C.
115 180 234 234 Asinius
243 181 342 236 Pollio.
365 180 510 235 Luranius.
536 179 708 233 M.Valerius
718 179 851 234 Messalla
862 179 994 234 Corvinus
1032 179 1097 243 503

81 342 202 396 Voramii
219 343 311 408 ledros,
329 348 361 396 at
378 359 434 396 moa
449 342 522 395 malli
539 343 691 407 colueram,
710 341 831 409 quadret.
864 341 1004 395 Loramios
1017 341 1099 395 habes

75 415 107 466 im
124 414 173 468 ΘΙ
174 413 202 467 L
221 414 265 466 VI
280 417 371 467 21507
385 430 422 480 sa.
437 419 580 482 proclama
599 415 632 478 cf.
648 412 768 478 Salsulae,
783 413 847 467 Lat.
863 412 982 482 Eioemm
997 429 1028 481 p.
1043 415 1098 467 359

74 492 100 539 et
118 487 236 553 Proscp.
255 487 320 553 imp.
341 485 419 538 Rom.
438 489 465 551 2,
480 483 615 555 307s314.

433 662 744 729 FRAGMENTUM

148 831 224 889 quae
246 815 306 871 fuit
329 830 418 872 eausa
441 815 471 871 et
495 812 599 871 Servio
623 805 831 890 [Salamara
854 806 949 890 tost.],=
969 815 1002 870 ut
1026 811 1096 886 dixi,

76 902 299 961 subtrahendae
318 921 331 961 s
351 901 479 975 litterae,
503 903 639 977 quotiens
662 901 771 958 ultima
789 902 867 959 esset
890 901 1008 977 aliaque
1029 919 1096 960 con·
1156 931 1160 942 .

73 995 203 1050 sonante
226 991 433 1068 susciperetur,
457 990 536 1066 quod
559 991 711 1067 reprendit
733 989 889 1049 Luranius.

152 1089 245 1160 Quint.
261 1095 286 1157 9,
301 1096 327 1156 4,
341 1095 378 1145 38
397 1115 455 1152 quae
468 1104 512 1143 rau
526 1122 552 1129 -
566 1103 684 1152 amaneus,
699 1087 832 1142 Messalla
852 1087 980 1142 defendit
994 1089 1042 1159 [fr.
1057 1089 1095 1160 3].

151 1203 165 1249 1
186 1197 257 1250 dixit
277 1198 441 1291 Lachmamm

72 1477 128 1560 M.
148 1473 406 1562 VALERIUS
425 1475 478 1560 M.
499 1477 525 1559 f.
545 1473 817 1560 Massalia
836 1471 1094 1559 OORVINUS

418 1669 457 1736 A.
480 1668 751 1735 TESTIMONIA

73 1757 188 1812 VITAE

148 1861 174 1940 1.
195 1856 342 1940 ‘Messalla
361 1855 505 1953 Ooroiaas'
526 1859 566 1953 cel
586 1855 733 1953 ‘domimus
759 1856 905 1940 Messalla'
925 1857 1094 1952 ploransque,

73 1930 384 2053 {titillata
396 1927 1095 2069 lalllllittltlllllllrtala

73 2076 152 2140 comte
180 2070 292 2124 Valeria
317 2070 565 2138 (opponamus)
588 2088 618 2138 p.
638 2075 717 2138 3841„
745 2071 777 2124 cle
805 2072 949 2138 aoaomime
978 2069 1094 2124 Coruino

74 2142 142 2195 aoid.
158 2158 188 2209 p.
208 2145 253 2207 25,
272 2143 304 2195 dc
322 2143 479 2210 coyaomimo
499 2144 633 2196 Messalla
651 2142 684 2195 de
702 2143 811 2209 eiusque
833 2142 970 2195 scrrlmdi
987 2143 1095 2194 ratiorm

74 2213 204 2278 LWieae,
218 2213 251 2266 do
266 2214 307 2266 M.
323 2212 384 2265 Val.
401 2213 482 2266 Mese.
497 2212 572 2268 Com.
588 2215 646 2266 cita
661 2219 685 2266 et
697 2213 798 2266 stadiis
812 2213 895 2266 doctr.
910 2213 985 2277 (dies.
1002 2214 1093 2266 Berol.

75 2285 159 2352 1829)
168 2302 199 2351 p.
214 2288 232 2338 4
246 2291 271 2338 et
285 2288 301 2338 5
316 2283 382 2337 ada.
398 2287 422 2337 5.
451 2285 564 2350 Bruma,
578 2285 610 2338 de
623 2290 693 2337 aaut.
709 2285 768 2338 iad.
779 2285 854 2337 Plio.
870 2284 999 2352 (Bomaoo
1008 2285 1094 2352 1856)

69 2373 101 2424 p.
117 2359 160 2409 13.
198 2355 231 2408 de
256 2357 340 2409 altero
368 2358 512 2424 aamomime
537 2357 683 2410 Publicola
709 2356 751 2408 M.
776 2356 885 2410 Valerio
913 2356 1034 2420 mimia,
1062 2361 1095 2409 at

74 2427 192 2492 tidelm
210 2427 312 2482 tralato
331 2428 365 2493 cf.
385 2428 498 2495 Proaop.
518 2429 583 2495 imp.
604 2428 683 2482 Rom.
700 2431 725 2493 3,
741 2430 843 2496 36384.

147 2519 173 2569 2.
197 2516 313 2570 Hieram.
338 2515 375 2568 od
400 2533 426 2568 a.
450 2516 517 2570 Abr.
539 2516 766 2588 1958=695l59
797 2514 930 2569 Messalla
958 2513 1092 2569 Corvinus

74 2588 170 2640 orator
187 2585 313 2640 nascitur
332 2588 361 2640 et
383 2585 414 2642 Τ.
434 2586 529 2640 Livius
547 2587 700 2641 Patavinae
720 2586 839 2640 scribtor
862 2587 1021 2640 historicus.
1055 2588 1092 2640 id.

75 2659 115 2711 ad
133 2676 160 2711 a.
180 2659 247 2712 Aa.
267 2659 489 2728 2027=764l11
516 2658 648 2711 Messalla
667 2657 800 2711 Corvinus
820 2661 914 2712 orator
932 2660 997 2711 ante
1015 2657 1093 2711 bien-

73 2729 155 2782 nium
174 2745 258 2797 quam
276 2731 430 2783 moreretur
447 2730 489 2782 ita
507 2730 671 2784 memoriam
690 2731 718 2783 et
737 2745 848 2783 sensum
867 2728 978 2794 amisit‚'
997 2729 1094 2783 utrix

73 2815 168 2869 pauca
192 2800 277 2853 verba
302 2801 497 2870 coniungeret,
526 2803 553 2854 et
576 2800 613 2854 ad
639 2803 794 2855 extremum
818 2801 912 2854 ulcere
938 2800 993 2853 sibi
1019 2801 1094 2854 circa

75 2889 184 2926 sacram
210 2871 320 2940 spinam
345 2874 412 2925 nato
438 2870 534 2925 inedia
559 2889 587 2924 se
615 2872 736 2926 confecit
762 2887 834 2925 anno
861 2870 963 2926 aetatis
986 2871 1093 2926 LXXII.

77 2943 157 2997 Ouid.
172 2960 206 2997 ea
220 2945 253 2996 P.
269 2947 295 3009 1,
306 2947 331 3009 7,
341 2948 378 2998 29
400 2944 445 2996 eui
456 2943 636 3068 AEMasalme]
656 2960 706 2997 nos
726 2946 755 2996 et
772 2943 912 3011 lacrimas,
932 2958 1093 3011 supremum

73 3015 103 3066 in
117 3014 216 3068 funere
229 3031 339 3082 munus,
351 3014 365 3087 J
376 3016 405 3068 et
419 3015 453 3067 de
477 3014 548 3068 'mus
562 3015 655 3069 medio
671 3015 776 3083 scripta
790 3015 916 3068 canenda
926 3014 994 3068 foro.
1019 3015 1092 3070 Soet.

79 3087 136 3141 Tib.
152 3091 189 3140 70
211 3086 241 3138 in
260 3086 385 3140 oratione
404 3086 506 3139 Latina
525 3088 636 3140 secutus
655 3088 698 3140 est
723 3087 863 3158 [Tiberias
880 3104 908 3138 a.
928 3084 1093 3156 a.712s42,

74 3175 108 3211 m.
124 3155 245 3228 790i37]
270 3155 419 3211 corvinum
437 3156 608 3221 Messallam,
632 3173 715 3224 quem
738 3173 830 3211 senem
857 3156 1021 3211 adulescens
1044 3157 1094 3211 ob-

77 3231 208 3292 servarat.
249 3228 325 3283 Ouid.
345 3246 378 3283 ea
401 3230 435 3283 P.
455 3233 480 3295 1,
495 3233 520 3294 7,
534 3232 572 3284 27
597 3229 648 3300 [aa
668 3229 863 3300 Messaliama]
886 3245 938 3282 nec
961 3231 1026 3282 tuus
1050 3231 1094 3282 est

74 3299 187 3370 genitor
204 3316 254 3353 nos
273 3298 411 3353 infitiatus
431 3299 548 3366 amieos,
573 3299 586 3370 i
609 3299 735 3353 hortator
759 3299 848 3354 studii
874 3316 1013 3368 causaque
1032 3299 1093 3353 fax·

75 3388 130 3439 que
154 3370 219 3440 ruci.
262 3372 298 3438 cs.
324 3373 407 3426 ctiam
434 3371 527 3441 eriml.
547 3375 592 3436 12,
606 3376 649 3437 11,
663 3375 709 3426 28.
752 3372 817 3426 Vell.
841 3372 905 3427 Pal.
923 3376 951 3438 2,
967 3375 1010 3425 71.
1050 3372 1094 3426 tls

73 3445 200 3498 munitm
218 3444 284 3498 loma
299 3443 370 3498 iuter
383 3459 410 3497 se
424 3446 590 3512 omrmaratis
607 3449 723 3512 apparet
737 3444 939 3512 Hieronymum
955 3444 986 3496 im
1004 3460 1093 3498 errore

73 3516 188 3581 amauri,
211 3521 243 3570 at
265 3516 321 3568 iam
341 3515 475 3585 Barakesi
496 3515 630 3569 iutellem't
652 3517 705 3583 (op.
725 3520 750 3580 1,
765 3516 892 3583 iodea.);
915 3521 998 3568 matus
1021 3516 1094 3569 caim

71 3587 181 3642 uidam
191 3587 325 3641 Messalla
339 3603 414 3640 camo
428 3588 484 3653 fere
495 3585 610 3657 690l64,
624 3593 748 3640 mortam
760 3603 786 3639 o.
798 3585 870 3658 766)
872 3590 907 3639 13
922 3587 967 3655 (of.
977 3587 1091 3656 Prosop.
