2534 3908
155 137 245 191 XXVI
561 135 762 206 Prolegomene

156 303 221 375 υίὸς
245 301 413 382 Νηλεύς,’
397 303 474 382 ανήρ
501 303 551 365 καὶ
572 295 827 382 Ἀριστοτέλους’
811 302 995 382 ηκροαμένος
1022 303 1072 364 καί
1097 305 1168 364 Θεο-

157 392 301 500 φράστου,
321 390 542 473 διαδεδεγμένος
557 389 636 452 δὲ
606 415 661 469 την
677 391 877 471 βιβλιοθήκην
895 402 948 453 τοῦ
965 392 1167 472 Θεοφράστου,

131 470 231 540 δέν
213 506 232 567 η
255 474 294 561 ήν
318 505 367 542 και
390 479 408 560 ή
433 491 485 541 τοῦ
507 476 772 561 Ἀριστοτέλους
759 505 774 542 ο
798 489 872 561 γοῦν
894 474 1091 561 Ἀριστοτέλης
1114 482 1169 561 τήν

157 569 262 632 ἑαυτοῦ
298 572 476 678 Θεοφράστῳ
508 569 752 650 παρέδωκεν-.
789 569 976 650 Θεόφραστος
1010 569 1041 632 δέ
1075 574 1174 648 Νηλεῖ

156 658 337 738 παρέδωκεν
363 657 378 720 δ
403 653 431 720 δ’
455 661 497 734 εἰς
516 665 640 737 Σκῆψιν
659 660 782 736 κομίσας
799 665 861 732 τοῖς
880 682 931 738 μετ
967 659 1058 748 αὐτὸν
1081 659 1170 739 παρέ·

158 749 266 825 δωκεν,
290 749 419 821 ἰδιώταις
442 747 625 829 ἀνθρώποις,
648 751 678 810 οἳ
699 749 887 808 κατάκλειστον
910 743 1040 860 εἶχογ
1012 772 1046 809 τα
1070 750 1171 829 βιβλία

158 831 223 899 οὐδ’
258 837 398 916 ἐπιμελῶς
430 839 561 917 κείμενα
595 836 695 914 ἐπειδή
724 835 755 898 δέ
785 834 917 916 ήσθοντο
948 837 1002 915 τήν
1033 837 1170 916 σπουδήν

118 940 143 978 1⁰
158 937 216 988 τῶν
241 921 415 987 Ἀτταλικῶν
443 926 586 1005 βασιλέων
614 921 668 1004 ὑφ’
700 920 743 1000 οἷς
771 951 809 1005 ην
837 923 855 1004 ή
879 926 978 1006 πόλις,
1002 928 1170 1005 ζητούντων

158 1016 257 1095 βιβλία
285 1016 326 1088 εἰς
353 1016 408 1093 τήν
435 1015 620 1093 κατασκευήν
647 1025 697 1093 τής
725 1015 758 1076 έν
786 1015 931 1101 Περγάμῳ
961 1016 1171 1094 βιβλιοθήκης,

158 1103 232 1164 κατά
255 1114 309 1185 γῆς
334 1103 469 1186 ἔκρυψαν
492 1105 524 1166 έν
548 1106 672 1184 διώρυγί
693 1121 761 1164 τινι·
786 1103 845 1165 ύπὸ
869 1102 900 1165 δὲ
924 1106 1023 1178 νοτίας
1046 1105 1096 1165 καλ
1120 1123 1191 1182 ση-·

158 1203 216 1254 τῶν
252 1194 426 1255 κακωθέντα
459 1191 515 1272 ὀψέ
546 1216 615 1255 ποτε
647 1192 791 1255 ἀπέδοντο
824 1192 900 1254 οῖ’
885 1193 943 1254 απὸ
976 1204 1029 1254 τοῦ
1066 1192 1173 1274 γένους

155 1276 359 1343 Ἀπελλικῶντι
381 1289 421 1367 τῷ
442 1285 521 1368 Τηίφ
545 1281 700 1344 πολλῶν
685 1283 834 1364 αργυρίων
858 1283 892 1342 τά
911 1305 939 1342 τε
956 1275 1172 1361 Ἀριστοτέλους

119 1383 143 1422 1⁵
158 1371 208 1433 καὶ
230 1371 264 1432 τά
288 1382 339 1432 τοῦ
366 1345 558 1484 Θεοφράστου
581 1373 692 1451 βιβλίά
723 1365 760 1449 ήν
789 1369 858 1432 δὲ
845 1395 861 1433 ο
882 1363 1057 1432 Ἀπελλικῶν
1085 1372 1172 1450 φιλό-

157 1463 259 1541 βιβλος
287 1459 441 1538 μᾶλλον”
425 1485 444 1540 η
473 1461 649 1538 φιλόσοφος
680 1460 726 1521 διὸ
754 1459 804 1521 καλ
835 1463 929 1539 ζητῶν
961 1459 1172 1540 ἐπανόρθωσιν

157 1560 216 1610 τῶν
240 1551 502 1629 διαβρωμάτων’
476 1573 518 1623 εις
541 1549 706 1630 ἀντίγραφα
729 1549 817 1610 καινὰ
841 1549 995 1629 μετήνεγκε
1023 1549 1078 1628 τήν
1100 1574 1173 1630 γρα-

159 1639 222 1717 φήν
246 1637 424 1718 ἀναπληρῶν
448 1639 503 1700 ούκ
527 1631 568 1715 εύ,
594 1638 643 1699 καί
662 1637 802 1712 έξέδωκεν
821 1637 996 1721 ἁμαρτάδων
1020 1638 1117 1718 πλήρη
1137 1639 1173 1699 τά

158 1729 265 1808 βιβλία.
289 1761 333 1770 -
360 1729 436 1790 πολὺ
470 1726 500 1789 δὲ
533 1729 574 1801 εἰς
606 1737 691 1789 τοῦτο
720 1727 769 1788 καλ
795 1724 814 1806 ή
838 1725 932 1806 Ῥώμη
964 1729 1173 1807 προσελάβετο·

119 1829 145 1867 20
159 1817 252 1890 εὐθὺς
289 1816 344 1897 γὰρ
386 1816 456 1894 μετὰ
497 1817 552 1895 τήν
590 1811 814 1890 Ἀπελλικῶντος
855 1815 991 1894 τελευτήν
1032 1817 1173 1890 Σύλλας

158 1899 210 1986 ήρε
241 1905 297 1984 τήν
325 1901 551 1979 Ἀπελλικῶντος
578 1906 778 1986 βιβλιοθήκην
811 1902 827 1965 δ
860 1905 910 1977 τὰς
935 1899 1067 1983 Ἀθήνας
1098 1904 1174 1966 έλών

159 1991 201 2076 [α.
224 1989 374 2076 668s86]‚
398 1996 485 2075 δεῦρο
515 1993 546 2056 δέ
573 2001 768 2062 κομισθεῖσαν
787 1995 963 2075 Τυραννίων
986 2017 1015 2055 τε
1039 1991 1054 2054 δ
1078 2018 1169 2074 γραμ·

160 2083 279 2162 ματικὸς
316 2085 502 2164 διεχειρίσατο
540 2081 778 2162 φιλαριστοτέλης
811 2083 867 2161 ών,
899 2084 1085 2162 θεραπεύσας
1119 2083 1172 2143 τὸν

160 2172 208 2233 ἐπὶ
230 2183 282 2251 τῆς
306 2173 514 2253 βιβλιοθήκης,
537 2173 587 2233 καὶ
610 2172 805 2252 βιβλιοπῶλαί
825 2194 900 2245 τινες
923 2182 1070 2252 γραφεῦσι
1093 2173 1174 2248 φαύ-

120 2274 145 2314 25
160 2267 221 2335 λοις
251 2263 393 2342 χρώμενοι
423 2261 472 2323 καλ
502 2262 558 2324 ούκ
587 2260 825 2340 ἀναβάλλοντες,
855 2261 925 2340 ὅπερ
955 2259 1004 2320 καὶ
1034 2258 1082 2320 ἐπὶ
1112 2271 1173 2321 τῶν

159 2349 254 2412 ἀλλων
282 2353 437 2431 συμβαίνει
465 2361 523 2412 τῶν
551 2351 593 2424 εἰς
621 2361 729 2430 πρᾶσιν
756 2348 952 2431 γραφομένων
975 2350 1098 2430 βιβλίων
1121 2349 1173 2411 καὶ

159 2439 268 2501 ἐνθάδε
291 2438 341 2500 καὶ
364 2441 396 2500 έν
417 2435 626 2523 Ἀλεξανδρεία
672 2442 748 2500 Ρλιιί
772 2440 857 2500 Sulla
875 2443 919 2500 26
942 2437 1090 2511 έξεῐλεν
1077 2445 1173 2523 εαυτῷ

159 2529 213 2607 τήν
234 2523 444 2602 Ἀπελλικῶνος
467 2539 520 2590 τοῦ
544 2531 639 2607 Τηΐου
662 2530 874 2608 βιβλιοθήκην,
897 2515 970 2588 ἐν
952 2553 971 2612 φ
995 2527 1030 2588 τά
1053 2533 1173 2588 πλείστα

159 2629 218 2679 τῶν
237 2614 452 2699 Ἀριστοτέλους
474 2617 524 2678 καί
550 2619 741 2700 Θεοφράστου
765 2610 930 2698 βιβλίων
913 2641 965 2696 ην,
996 2615 1080 2678 ούπω
1109 2617 1174 2678 τότε

119 2720 145 2758 ³⁰
159 2717 262 2784 σαφῶς
290 2707 489 2816 γνφριζόμενα
518 2713 579 2779 τοῖς
609 2711 735 2780 πολλοῖς.
782 2707 891 2789 λέγεται
914 2704 945 2767 δὲ
978 2707 1173 2785 κομισθείσης
1265 2768 1266 2771 ,

160 2797 250 2875 αύτης
273 2798 314 2868 εἰς
329 2793 444 2876 Ῥώμην
464 2797 708 2875 Τυραννίωνα
681 2821 733 2859 τον
761 2797 963 2877 γραμματικὸν
996 2793 1174 2856 ἐνσκευάσα-

159 2892 232 2946 σθαι
245 2885 281 2946 τά
294 2885 386 2946 πολλὰ
405 2884 455 2946 καλ
473 2880 543 2964 παρ’
565 2885 656 2946 αὐτοῦ
675 2885 726 2948 τὸν
740 2882 858 2946 Ῥόδιον
873 2883 1064 2963 Ἀνδρόνικον
1082 2883 1173 2945 εύπο-
1265 2928 1266 2931 ¹

120 2995 122 3000 ·
160 2976 290 3055 ρήσαντα
317 2985 376 3035 τῶν
404 2973 594 3056 ἀντιγράφων
616 2975 659 3047 εἰς
687 2975 776 3054 μέσον
803 2980 904 3035 θεῖναι
928 2971 977 3033 καὶ
1000 2971 1172 3054 ἀναγράψαι

159 3065 228 3137 τοὺς
250 3073 308 3124 νῦν
331 3062 514 3143 φερομένους
535 3065 662 3136 πίνακας
686 3071 733 3124 ete.
770 3064 862 3120 eadem
879 3067 935 3132 fere
954 3064 1042 3118 tradit
1059 3065 1173 3118 Plutar-

120 3166 145 3206 ει
159 3149 207 3203 eho
226 3154 334 3202 auctore
353 3148 437 3202 allato
451 3146 555 3202 δαίδας
571 3163 593 3200 ε.
608 3165 631 3200 υ.
647 3146 762 3207 Σύλλας.
795 3163 819 3200 υ.
834 3150 868 3198 23
883 3145 932 3198 τὸν
947 3144 993 3198 ἐπὶ
1006 3152 1055 3212 τῆς
1069 3145 1174 3214 βιβλιο-
1265 3170 1266 3177 1

159 3217 251 3288 θήκης
266 3219 408 3274 Cornelius
422 3218 568 3288 Epicadus
587 3235 640 3272 esse
653 3218 759 3272 υιιλιεκν
777 3215 930 3271 Ηιλλεαλιειο
945 3218 981 3286 (ρ.
992 3219 1046 3270 363
1060 3216 1124 3270 adn.
1135 3219 1172 3284 8).

228 3355 256 3410 4.
282 3351 339 3411 Οἱο.
359 3353 394 3411 de
412 3354 462 3423 βκ.
479 3353 545 3419 3,7
568 3351 599 3407 in
619 3349 787 3409 Tusculano
807 3368 875 3408 cum
895 3367 988 3408 essem
1006 3348 1172 3423 vellemque

161 3440 378 3500 ebibliotheea
405 3441 490 3516 pueri
517 3439 663 3498 Luculli
692 3439 870 3514 quibusdam
900 3439 984 3496 libris
1014 3439 1073 3512 uti,
1104 3438 1173 3496 veni

160 3530 191 3588 in
215 3529 277 3588 eius
299 3530 411 3606 villam,
435 3533 471 3588 ut
490 3547 539 3588 eos
558 3531 631 3604 ipse,
655 3531 689 3586 ut
707 3528 846 3602 solebam,
870 3527 1079 3603 depromerem.
1113 3545 1173 3601 quo
1265 3532 1266 3571 ί
