2480 3904
162 197 230 264 480
331 197 537 251 Grammaticae
558 199 659 252 aetatis
678 199 839 269 Augustaaa
858 197 1017 268 fragmenta

599 393 745 446 FALSUM

652 530 694 586 17

230 636 271 692 ut
308 633 415 709 folia,
457 653 546 710 quae
583 633 766 710 frugibus
804 633 969 693 arboreis
1007 632 1170 711 tegmina

163 723 364 801 gignuntur

234 813 307 868 Serv.
321 830 346 883 9.
358 818 383 880 1,
394 817 429 866 55
450 811 571 866 ‘arborei
585 811 658 866 fetus
674 812 754 866 alibi'
770 812 800 865 id
815 814 858 866 eet
871 828 963 880 poma.
990 814 1019 866 et
1034 811 1171 866 arboreum

163 884 251 955 [cum]
275 883 365 952 aliqui
388 885 497 939 duobus
520 884 612 938 medie
636 927 641 938 .
667 927 673 938 .
698 927 704 938 .
729 927 734 937 .
760 884 919 952 accipiunt3
946 884 1030 937 aliter
1052 881 1171 937 enimin

162 955 287 1010 Aeneide
303 956 359 1026 [12,
368 956 435 1027 888]
451 955 485 1008 de
499 955 557 1009 telo
573 955 684 1024 ‘ingene
699 955 868 1009 arboreum'.
897 954 1071 1009 Cornificius:
1085 968 1172 1007 aaron·

162 1059 189 1068 —
199 1041 327 1090 glgnuntur.
353 1044 415 1081 cum
428 1034 453 1081 et
461 1028 571 1096 poetica
585 1027 666 1081 cerba
680 1034 705 1081 et
717 1028 825 1080 cameri
839 1028 871 1080 ie
885 1028 945 1081 istm
959 1028 1024 1093 siut,
1035 1026 1171 1092 Cornificio

160 1105 267 1166 poetae,
294 1115 349 1153 elea
371 1101 549 1168 qrammatico
573 1105 668 1153 contra
688 1098 836 1169 Berytium
860 1100 969 1164 trellum
996 1099 1045 1152 ubi
1065 1099 1172 1165 sortasse

162 1169 273 1226 Servius
287 1177 352 1239 post
369 1171 450 1225 verba
470 1170 512 1224 ‘ut
529 1170 610 1236 folia’
632 1187 689 1224 ece
706 1171 778 1223 nihil
796 1170 894 1223 marcet.

537 1463 801 1551 ARTORIUS

234 1652 303 1720 quic
324 1650 455 1706 Artorius
479 1651 568 1706 Verrii
591 1658 687 1706 auctor
710 1653 780 1706 idem
802 1652 840 1706 sit
862 1667 895 1704 ac
915 1651 943 1704 0.
963 1652 1093 1706 Artorius
1109 1651 1177 1706 Pre-

163 1723 241 1776 cclue
258 1723 355 1788 rhetor,
374 1724 406 1776 de
425 1740 477 1791 que
496 1723 572 1790 apud
593 1722 686 1792 Quint.
702 1727 801 1789 9,1,2
819 1724 920 1777 aetitia
940 1729 1023 1788 extat,
1047 1723 1115 1776 nillil
1131 1723 1176 1776 ob·

162 1799 218 1847 etat
243 1796 288 1861 (cf.
312 1795 411 1861 Hertz,
437 1794 515 1848 Sica.
537 1793 603 1861 Gap.
625 1799 729 1862 p.11;
756 1797 837 1849 aliter
863 1793 998 1848 FSchoell
1023 1793 1062 1846 ad
1086 1795 1176 1848 Pleni.

165 1863 225 1918 Ges.
246 1869 317 1926 646).
365 1867 389 1920 is
416 1867 526 1919 ineante
552 1866 608 1932 fere
633 1866 774 1936 Auymtea
803 1872 890 1920 aetate
917 1866 981 1932 suit.
1028 1866 1064 1931 es.
1088 1865 1176 1928 Klete,

145 1931 355 2008 'Pauly-um.
376 1937 439 1991 RE
460 1942 487 2003 2,
503 1937 618 2008 mezu.
656 1938 770 2005 Prosae.
792 1939 856 2006 icae.
877 1938 955 1992 Rom.
980 1941 1005 2002 1,
1026 1935 1176 1990 156‘97711.

535 2133 811 2200 FRAGMENTA

659 2287 677 2340 1

231 2392 371 2450 Artorius
394 2390 565 2466 procestria,
590 2409 666 2465 quae
690 2391 761 2448 sunt
785 2394 853 2449 ante
877 2391 983 2448 castra.

235 2491 317 2544 Paul.
332 2491 405 2544 Fert.
416 2507 446 2558 p.
462 2492 573 2554 225,12
591 2487 744 2557 procestria
761 2520 798 2528 —
816 2487 912 2541 Aelius
932 2488 979 2559 [fr.
995 2487 1055 2558 31];
1079 2501 1173 2542 mrim

162 2595 189 2604 —
202 2580 280 2616 encra.
317 2561 402 2614 etiam
431 2560 479 2628 qui
502 2577 557 2613 non
580 2559 687 2613 habent
711 2561 816 2625 castra,
839 2559 1054 2629 propugnacula
1078 2559 1172 2628 quibus

163 2651 213 2701 pro
233 2633 331 2687 castris
350 2634 468 2685 utuntur
487 2631 645 2684 aedificant.
680 2631 713 2697 cs.
731 2631 810 2685 t'llar.
830 2635 1071 2699 cxap.550,12.
1105 2629 1171 2686 ccl

163 2706 202 2762 ΙΙ
212 2709 276 2771 385,
291 2708 335 2757 67.
355 2707 476 2769 381,13.
502 2703 600 2769 V475,
616 2705 658 2756 54.
1226 2711 1227 2741 l

657 2837 679 2894 2

230 2942 432 3018 tentipellium
454 2941 593 3001 Artorius
622 2944 711 3017 putat
740 2960 803 3000 esse
831 2940 1061 2999 calciamentum
1089 2941 1171 3000 ferra·
1225 2979 1226 3013 l

167 3037 240 3106 tum,
265 3051 323 3108 quo
342 3033 434 3107 pelles
456 3031 664 3104 extenduntur,
687 3031 824 3106 idemque
842 3029 1001 3088 Afranium
1020 3029 1130 3090 dixisse
1146 3029 1171 3084 in

163 3122 271 3182 Promo
303 3115 342 3198 [e.
357 3123 422 3180 281
442 3111 571 3198 Ribb.³]:
604 3115 673 3196 ‘pro
704 3119 840 3179 manibus
869 3119 955 3177 credo
985 3118 1097 3179 habere
1125 3135 1172 3194 ego
1224 3165 1225 3202 3

164 3210 232 3268 illos
256 3205 481 3283 tentipellium'.
1224 3207 1225 3285 l

234 3300 306 3352 Fert.
318 3316 348 3366 p.
359 3302 439 3364 364⁶,
450 3302 486 3350 16
499 3313 647 3360 tentipellium
661 3331 688 3337 —
701 3313 881 3362 tentipellium.
911 3297 1071 3352 Titinnium
1085 3301 1171 3352 autam
1223 3351 1224 3362 ,

164 3367 277 3420 Verrius
297 3368 465 3434 existimare,
488 3368 518 3421 id
537 3369 773 3424 medicamentum
796 3385 868 3435 esee,
892 3386 948 3438 quo
970 3387 1059 3440 rugae
1085 3373 1172 3424 exten·

164 3437 273 3503 dantur,
285 3454 348 3490 cum
358 3439 435 3492 dicat
447 3439 481 3510 [v.
490 3444 544 3493 173
554 3439 662 3511 Ribef]
679 3439 881 3510 ‘tentipellium
889 3441 1043 3506 inducitur,
1053 3459 1139 3512 rugae
1147 3440 1172 3492 in

164 3522 210 3559 ore
223 3507 430 3574 extenduntur’‚
445 3526 507 3562 cum
522 3509 571 3564 illa
585 3520 725 3579 τροπικῶς
741 3512 849 3567 dixerit.
879 3513 913 3578 cf.
926 3513 1004 3568 061,
1018 3514 1057 3568 II
1065 3519 1128 3580 196,
1135 3515 1173 3566 54.

236 3601 251 3646 2
270 3595 392 3662 indeque
410 3614 451 3668 vy.

1222 3641 1223 3652 l

1219 3845 1222 3861 l
