2460 3900
137 205 181 268 50
320 204 525 258 Grammaticos
545 205 794 259 untevsnonianae
813 205 973 276 fragmento

207 371 221 420 1
242 365 317 437 quis]
332 381 432 433 nempe
448 366 572 421 Maeroh.
628 364 694 419 hinc
704 367 828 435 plerique
844 367 929 421 Gellii
942 367 1018 421 coda.
1075 382 1150 420 eoum

135 438 227 491 Nonii
251 437 353 506 Luyd„
381 437 465 492 Gellii
482 438 581 507 Reqin.
597 441 652 490 597
678 442 731 505 eqfl
757 439 798 491 oel
822 453 925 504 equum
949 439 1021 492 rell:
1054 454 1150 506 equom

135 509 234 577 scripsi
247 508 282 574 cf.
298 510 397 574 Remu,
412 508 457 563 die
473 508 584 563 Guttur.
596 527 625 577 p.
638 511 675 562 56
741 526 797 562 non
812 525 902 575 aquae
917 516 942 564 ct
954 508 1150 564 videbotNou.

207 599 272 651 aliis
298 600 363 652 loeis
383 599 489 666 passim
513 598 642 652 lucilius
664 598 696 652 de
719 599 816 652 litteris
839 600 997 653 litteratime
1019 599 1152 653 ircdieium

134 669 225 734 faeere
242 670 358 736 violetur,
377 687 444 738 quos
462 676 552 724 tomen
570 675 601 723 ut
615 676 680 738 pote
697 671 781 724 uineis
799 671 915 724 incertos
934 671 1020 726 omisi.

475 857 480 864 .
573 810 717 865 DUBIUM

564 919 605 976 51
626 912 724 997 [373]

204 1027 345 1101 antiquos
372 1025 480 1083 scimus
504 1027 534 1082 et
558 1023 664 1084 abste
688 1023 797 1082 dixisse
821 1057 863 1064 —
888 1026 997 1084 seimus
1021 1026 1103 1101 ipsos
1126 1029 1155 1083 et

136 1113 173 1171 ub
196 1114 312 1173 Lucilio
337 1114 453 1174 dixisse.

213 1205 266 1258 Vel.
283 1204 371 1273 Lony.
383 1221 412 1271 p.
424 1207 512 1269 60,14
526 1218 631 1266 antiquos
641 1235 674 1242 —
685 1221 706 1257 u
716 1217 806 1268 sexium
825 1220 875 1257 nos
890 1204 1015 1256 contenti
1030 1221 1124 1257 sumus
1138 1222 1155 1256 a

135 1277 164 1328 te
184 1274 284 1328 disere.
319 1290 399 1328 seimus
412 1307 447 1314 —
462 1289 551 1329 mxisau
585 1275 657 1328 iuter
675 1274 782 1329 Lucilii
800 1281 948 1343 praecepto
966 1275 998 1329 de
1015 1278 1153 1344 praeposi-

137 1348 242 1400 tionum
260 1347 400 1415 scriptura
418 1349 516 1415 recepit
537 1348 626 1401 Maru
645 1353 754 1400 numere
771 1347 793 1398 I
794 1347 921 1412 Bechero,
940 1347 1040 1401 Philol.
1056 1352 1082 1413 6,
1094 1351 1152 1401 756.

396 1623 439 1726 Q.
473 1623 891 1709 VARGUNTEIUS

511 1791 781 1858 TESTIMONIA

136 1880 247 1934 VITAE

210 1993 233 2041 1.
259 1987 411 2059 Vorquutei
437 1990 613 2057 reperiuntur
638 1990 669 2040 in
693 1987 805 2042 Sabinis
833 1995 858 2042 et
880 1987 1012 2043 Hernicis
1034 1988 1157 2058 (Schulre

136 2061 201 2114 Lot.
222 2060 340 2129 Elaean.
356 2077 386 2128 p.
402 2062 465 2124 160)

209 2134 235 2184 2.
256 2131 288 2185 de
309 2131 338 2200 Q.
360 2131 512 2200 Vorauntci
534 2137 622 2184 aetate
640 2131 712 2184 hall
736 2131 815 2184 alind
839 2133 999 2199 accepimus,
1023 2133 1081 2185 nisi
1097 2133 1156 2186 eius
1220 2157 1221 2160 ¹

138 2200 230 2271 ἀκμήν
244 2209 309 2269 post
327 2201 547 2269 Lampadionem
566 2202 691 2270 (postea
712 2204 754 2256 ait
772 2203 870 2256 diserte
888 2202 1035 2256 Suetonius
1053 2208 1109 2257 test.
1127 2207 1156 2268 3)

137 2280 162 2327 et
186 2274 304 2340 fortasse
327 2275 445 2341 paululo
474 2280 537 2327 ante
562 2275 742 2339 Archelaum,
774 2273 966 2328 Philocomum
991 2273 1156 2344 Stilonisque

136 2347 346 2416 yrammaticum
365 2345 532 2398 industriam
551 2345 847 2403 constituendamesse.

209 2419 234 2469 3.
254 2416 327 2470 Suet.
346 2416 378 2470 de
401 2433 514 2486 yramm.
534 2419 554 2470 2
584 2418 628 2484 (eu
647 2417 779 2484 Varrone)
802 2417 901 2483 posteo
920 2414 951 2479 Q.
966 2414 1156 2485 Vargunteius

137 2487 310 2558 [dilioentius
329 2489 488 2541 retractauit
509 2503 542 2541 ac
560 2486 670 2558 leqeudo
692 2486 947 2555 commmtauaoque
963 2488 1045 2540 etiam
1061 2489 1155 2541 ceteris

136 2565 215 2614 notos
232 2560 308 2629 fecit]
335 2558 451 2612 annales
474 2557 572 2623 Ennii,
598 2575 667 2624 quos
692 2557 775 2612 certis
799 2558 897 2610 diebus
920 2559 951 2610 in
974 2575 1078 2627 magna
1100 2558 1155 2611 fre-

138 2631 255 2698 quentia
278 2630 488 2698 pronuntiabat.
526 2631 560 2696 cf.
585 2630 697 2695 Vahlen,
715 2630 793 2683 Eun.
805 2647 877 2698 poes.
892 2628 965 2684 rell.²
979 2647 1008 2697 p.
1024 2630 1116 2684 XXV
1131 2637 1157 2684 et

137 2704 214 2757 Lael.
235 2703 341 2756 Archel.
362 2709 418 2757 test.
434 2705 458 2756 4.

138 2824 368 2879 SCRIPTORUM

209 2921 233 2969 4.
258 2916 361 2969 Aneccl.
382 2917 474 2970 Paris.
496 2916 518 2970 0
525 2916 589 2970 GK
606 2915 773 2981 V11534,5
792 2941 825 2959 =
844 2915 904 2970 Aet.
925 2915 994 2970 Stilo
1012 2919 1068 2968 test.
1082 2917 1119 2968 21

303 3173 346 3277 Q.
379 3173 617 3261 LAELIUS
650 3172 988 3260 AROHELAUS

511 3343 780 3409 memnonos

139 3430 247 3484 VITAE

209 3544 234 3592 1.
256 3539 375 3608 Quintus
389 3556 557 3608 praenomen
574 3558 592 3593 a
607 3540 731 3594 Chlorisio
747 3542 812 3609 (test.
828 3540 856 3608 5)
870 3538 1005 3593 traditum
1018 3545 1070 3606 est;
1088 3541 1154 3610 quin

157 3611 210 3663 iiim
220 3612 269 3664 iste
279 3609 310 3679 Q.
318 3609 433 3665 Laelius
444 3610 488 3665 ‘eu
493 3612 670 3680 principibus
677 3611 876 3684 oroormaticis'
884 3611 1000 3666 Laelium
1005 3611 1154 3666 Archelaus
