2444 3902
386 185 423 238 M.
443 184 590 238 Terentius
608 185 697 240 Varro
985 185 1048 249 237

38 355 175 432 'ligillum
194 355 317 414 Almurn
335 353 498 412 Ruminum'
515 374 573 410 -2
596 353 674 429 quod
694 354 794 413 omnia
812 355 953 429 vinceret,
972 353 1051 429 quod

39 445 186 504 anemine
209 446 391 518 vinceretur,
410 442 490 518 quod
511 461 598 519 opem
619 442 823 520 indigentibus
846 444 946 516 ferret,
971 443 1051 519 quod

37 533 154 592 haberet
180 532 344 610 impellendi
372 532 524 592 statuendi
552 531 723 602 stabiliendi
751 533 945 606 resupinandi
968 536 1078 608 pote-s

39 625 157 691 statem,
195 622 275 700 quod
306 625 460 696 tamquam
493 621 612 698 tigillus
642 621 785 682 mundum
820 623 985 682 contineret
1017 640 1052 681 ao

39 712 208 784 sustineret,
232 711 311 787 quod
334 711 427 772 aleret
451 712 566 784 omnia,
589 709 669 785 quod
691 729 777 772 ruma
800 710 832 768 id
855 714 899 768 est
922 728 1052 769 mamma

39 801 128 860 aleret
153 800 303 859 animalia.

107 902 223 970 Anquet.
238 900 304 952 ibid.
323 902 396 964 7,11
411 911 518 952 uxamae
531 929 557 936 -
571 911 693 952 summum
707 900 736 951 et
754 897 812 951 alia
830 915 903 965 quae
921 891 1052 967 persequi

38 968 151 1039 longum
179 972 229 1024 est.
276 969 346 1023 haee
379 971 473 1022 autem
502 968 669 1037 cognomina
701 970 886 1038 inposuerunt
918 969 967 1022 uni
1000 969 1052 1022 deo

41 1043 152 1110 propter
169 1056 268 1095 causas
286 1041 498 1109 potestatesque
517 1041 654 1108 diversas,
678 1056 734 1094 non
758 1042 853 1096 tamen
876 1043 992 1110 propter
1009 1042 1053 1094 tot

40 1129 81 1166 res
99 1113 184 1166 etiam
202 1114 246 1166 tot
264 1112 331 1166 deos
351 1127 415 1164 eum
434 1127 493 1164 esse
513 1117 676 1182 coegerunt:
696 1127 757 1175 quod
771 1126 846 1166 omnia
859 1143 886 1150 -
899 1126 1011 1166 ammaus.

464 1263 528 1320 138
552 1256 623 1341 [31]

105 1389 123 1445 l.
146 1389 233 1448 XVI.
275 1387 342 1446 ideo
365 1386 529 1445 Mercurius
554 1387 640 1463 quasi
662 1387 777 1446 medius
802 1403 921 1446 currens
945 1386 1054 1446 dieitur

45 1477 217 1554 appellatus,
254 1476 333 1552 quod
368 1494 463 1534 sermo
501 1481 602 1534 currat
638 1478 716 1535 inter
752 1477 886 1536 homiues
922 1475 1053 1549 medius,

45 1565 107 1624 ideo
124 1557 233 1642 Ἑρμῆς
256 1584 370 1643 graece,
393 1565 474 1640 quod
494 1583 589 1626 sermo
609 1565 657 1624 vel
679 1567 896 1642 interpretatio,
921 1583 997 1642 quae
1016 1564 1053 1622 ad

46 1673 199 1713 sermonem
222 1654 327 1730 utique
345 1655 485 1730 pertinet,
508 1651 646 1732 ἑρμηνεία
670 1653 793 1728 dieitur,
815 1653 883 1712 ideo
903 1657 933 1712 et
951 1653 1053 1713 merei·

46 1741 95 1802 bus
116 1762 262 1820 praeesse,
290 1743 362 1822 quia
388 1745 468 1801 inter
494 1743 654 1803 vendentes
678 1745 708 1802 et
735 1746 880 1802 ementes.
896 1761 991 1802 sermo
1019 1743 1055 1800 fit

48 1833 160 1892 medius.

113 1933 225 2002 rupert.
246 1931 313 1986 ibid.
334 1934 413 1997 7,14
432 1945 568 1985 namioeo
587 1962 614 1969 —
628 1945 720 1985 modim
750 1934 784 1998 cf.
800 1932 837 1985 id.
853 1936 936 1996 4,11.
970 1931 1052 1986 Paul.

50 2001 116 2055 Fert.
133 2021 162 2072 p.
181 2008 243 2068 124,
263 2006 288 2056 3.
321 2001 424 2056 Arnob.
441 2005 466 2066 3,
481 2005 525 2056 32.
554 2003 626 2056 Sere.
642 2003 718 2056 Dan.
734 2003 803 2056 Aea.
824 2006 849 2068 4,
863 2006 927 2057 242.
948 2006 1053 2068 8,138.

51 2072 159 2198 ξεὲίᾱρον.
174 2079 201 2140 8,
216 2079 260 2140 11,
274 2078 390 2128 45-49.
408 2074 491 2144 myth.
503 2074 563 2127 Vol.
579 2079 604 2139 1,
619 2077 680 2127 119.
696 2078 723 2139 2,
738 2078 781 2128 42.
803 2074 925 2128 Maerob.
938 2077 1017 2139 1,17,
1029 2078 1053 2127 5.

404 2313 406 2317 .
466 2270 530 2326 139
553 2261 626 2347 [20]

110 2385 125 2441 l.
148 2385 236 2443 XVI.
283 2381 355 2459 quid
378 2387 490 2442 est-
515 2379 685 2442 Saturnus?
731 2403 822 2443 uuus
851 2385 891 2444 de
918 2387 1054 2462 prinoi-

52 2471 145 2545 pibus
167 2474 267 2546 deus,
297 2491 403 2548 penes
427 2492 528 2548 quem
558 2475 738 2532 sationum
767 2476 922 2532 omnium
945 2474 1055 2532 domi·

52 2563 228 2622 natusest.
897 2554 900 2558 ¹

114 2661 225 2731 linquet.
246 2660 312 2715 ibid.
334 2665 359 2726 7,
379 2664 414 2714 13
438 2675 493 2724 quid
511 2679 544 2715 eet
570 2661 645 2714 enim
664 2664 693 2715 et
711 2675 819 2716 Saturnus
836 2693 863 2700 -
881 2687 940 2715 unus
962 2661 1055 2729 inquit

52 2728 155 2802 [Varro]
170 2747 197 2787 ue
211 2764 238 2772 -
252 2750 292 2786 est.
326 2734 360 2798 cf.
380 2733 418 2786 id.
435 2735 460 2798 7,
476 2737 518 2787 19.
539 2738 565 2798 6,
580 2737 606 2786 8.
632 2733 721 2786 Vestro
735 2734 767 2788 de
782 2734 799 2786 l.
815 2733 848 2788 L.
865 2737 891 2798 5,-
906 2737 948 2787 64.
985 2733 1054 2790 Tere.

53 2800 85 2854 ad
97 2808 148 2857 nul.
162 2809 189 2870 2,
205 2808 248 2858 12.
271 2804 393 2858 Maerob.
410 2809 435 2869 1,
450 2810 495 2870 10,
508 2809 552 2859 20.
573 2806 675 2860 Arnob.
691 2809 717 2870 4,
732 2809 755 2858 9.
777 2805 848 2860 Serv.
862 2821 887 2874 p.
903 2809 929 2870 1,
942 2808 987 2859 21.

455 2958 519 3013 110
543 2949 635 3034 [ree]

111 3077 127 3135 l.
147 3078 234 3138 XVI.
275 3079 451 3138 Tellurem
469 3083 601 3156 putant
620 3099 694 3139 esse
714 3079 821 3157 Opem
841 3079 932 3155 quod
951 3099 1055 3155 opere

54 3163 113 3224 fiat
129 3168 262 3241 melior,
285 3167 435 3226 Matrem
453 3167 546 3245 quod
564 3168 721 3244 plurima
739 3172 874 3244 pariat,
892 3169 1056 3246 Magnam

53 3256 133 3327 quod
155 3257 271 3316 eibum
293 3258 430 3333 pariat,
458 3257 711 3334 Proserpinam
733 3258 891 3334 quoduex
913 3277 952 3316 ea
975 3277 1055 3333 pro-

54 3348 188 3420 serpant
210 3347 348 3423 fruges,
372 3345 512 3405 Vestam
534 3347 628 3423 quod
650 3347 832 3406 vestiatur
853 3346 981 3406 herbis.

114 3443 229 3515 Aupaet.
256 3444 323 3498 ibid.
354 3448 383 3510 7,
411 3449 448 3499 24
488 3459 599 3500 reum
633 3445 726 3512 iuquit
758 3444 875 3516 [Varro]
914 3462 995 3506 putans
1023 3477 1056 3486 —

52 3525 124 3568 msa.
159 3516 194 3581 ef.
217 3516 306 3581 111,
330 3521 373 3570 10.
393 3520 477 3582 7,20.
497 3519 542 3570 23.
586 3518 674 3572 Varro
692 3517 760 3569 aaz.
781 3517 814 3568 1.
835 3520 860 3580 5,
880 3521 922 3569 61.
947 3521 992 3570 es.
1013 3521 1055 3570 74.

52 3582 115 3640 Stre.
128 3587 204 3641 Dan.
219 3588 408 3653 14112296.
436 3587 505 3641 Ieid.
520 3604 557 3641 or.
574 3591 601 3652 8,
616 3591 659 3652 11,
674 3591 717 3640 61.
