2442 3902
404 242 440 297 M.
460 241 606 296 Terentius
625 241 713 296 Varro
999 241 1064 306 323

44 418 120 470 quae
141 419 160 456 a
179 403 293 458 civitate
312 401 445 458 Oscorum
463 402 570 469 Atella,
593 403 624 456 in
642 421 698 471 qua
721 402 842 471 primum
861 406 991 474 coeptae,
1017 421 1062 473 ap·

44 473 174 542 pellatae
199 476 265 528 sunt
289 473 450 543 Atellanae,
479 474 651 558 argumentis
675 475 813 543 dictisque
836 474 1006 530 iocularibus
1030 475 1066 528 si-

43 543 128 600 miles
154 544 285 614 satyricis
303 546 407 600 fabulis
427 546 548 600 Graecis.
585 548 688 614 quarta
710 545 817 615 species
837 549 880 601 est
897 546 1066 616 planipedis,

44 617 94 684 qui
113 633 217 686 graece
238 618 341 672 dicitur
364 619 474 674 mimus.
512 617 576 672 ideo
595 620 689 671 autem
708 617 796 671 latine
815 617 945 688 planipes
965 618 1065 684 dictus,

45 689 123 755 quod
143 692 253 743 actores
270 689 390 758 pedibus
409 689 502 758 planis
521 690 551 741 id
566 691 608 743 est
622 690 704 743 nudis
717 691 895 758 proscenium
908 690 1067 755 introirent,

44 776 100 813 non
116 763 153 813 ut
166 760 268 831 tragici
282 763 390 816 actores
405 778 468 815 cum
482 761 606 816 coturnis
622 777 713 829 neque
727 764 759 813 ut
773 761 873 815 comici
888 778 951 814 cum
966 761 1066 826 soccis3

45 830 106 885 sive
124 831 204 900 quod
222 831 290 886 olim
304 833 404 886 nonin
419 835 554 903 suggestu
568 848 686 887 scaenae
700 833 750 887 sed
763 832 794 885 in
808 832 893 900 plano
908 833 1067 887 orchestrae

45 902 150 970 positis
169 904 362 958 instrumentis
381 905 501 959 mimicis
520 903 686 959 actitabant.
724 903 802 958 cuius
821 904 980 974 planipedis
999 905 1069 957 Atta

45 976 212 1044 togatarum
230 975 350 1044 scriptor
367 976 410 1029 ita
427 976 458 1029 in
471 975 612 1031 Aedilicia
625 974 723 1029 fabula
737 976 867 1030 meminit
881 974 1066 1048 [cremam

48 1045 177 1099 ‘daturin
197 1048 264 1100 estis
284 1055 399 1102 aurum?
424 1047 533 1102 exultat
550 1047 700 1119 planipes'.
721 1078 754 1087 —
773 1049 873 1118 togata
890 1049 1068 1116 praetextata

48 1133 64 1169 a
87 1118 239 1188 tragoedia
261 1118 369 1186 differt,
393 1119 468 1188 quod
487 1120 517 1173 in
537 1119 686 1189 tragoedia
708 1118 806 1174 heroes
829 1118 1012 1185 inducuntur,
1036 1122 1069 1171 ut

47 1187 188 1242 Pacuvius
202 1191 364 1260 tragoedias
379 1191 538 1245 nominibus
547 1191 667 1245 heroicis
677 1190 797 1259 scripsit,
808 1190 934 1245 Orestem
945 1188 1068 1259 Chrysen

50 1259 141 1314 ethis
162 1261 280 1328 similia,
303 1262 372 1316 item
391 1263 505 1330 Accius,
529 1263 558 1315 iu
577 1264 755 1330 praetextata
774 1265 868 1317 autem
888 1262 994 1336 <duces
1013 1262 1067 1316 Ro-

49 1332 135 1400 mani,
155 1335 188 1386 ut
206 1333 236 1385 in
255 1333 310 1406 ea>
329 1351 401 1403 quae
419 1334 584 1389 inscribitur
597 1334 700 1389 Brutus
719 1333 763 1386 vel
782 1333 893 1400 Decius,
911 1334 980 1388 item
994 1334 1068 1387 Mar-

50 1402 147 1457 cellus.
173 1407 274 1474 togata
291 1405 453 1459 tabernaria
472 1422 488 1460 a
507 1405 653 1460 comoedia
667 1403 771 1473 differt,
789 1406 865 1473 quod
879 1405 909 1458 in
925 1405 1068 1460 comoedia

52 1473 151 1529 Graeci
169 1475 243 1530 ritus
261 1477 433 1531 inducuntur
450 1493 642 1546 personaeque
662 1476 793 1543 Graecae,
811 1477 917 1531 Laches
933 1475 1068 1545 Sostrata,

51 1545 79 1597 in
106 1546 159 1600 illa
182 1563 248 1602 vero
274 1548 399 1603 Latinas.
437 1551 549 1618 togatas
574 1548 751 1604 tabernarias
776 1547 806 1601 in
831 1565 963 1603 scaenam
989 1549 1068 1602 data·

52 1620 150 1671 serunt
172 1619 324 1689 praecipue
349 1621 417 1687 duo,
440 1619 470 1674 u.
486 1620 617 1674 Afranius
637 1623 665 1674 et
685 1618 712 1674 G.
733 1619 864 1686 Quintius
883 1621 921 1692 [g.
941 1620 1068 1689 quintius

54 1689 121 1742 AM
137 1691 268 1758 quintilis
283 1691 336 1816 Bp,
355 1709 421 1746 nam
439 1688 586 1746 Terentius
605 1694 634 1746 et
648 1690 785 1746 Caecilius
804 1692 963 1746 comoedias
982 1692 1068 1760 scrip-

54 1765 155 1815 serunt.
187 1762 291 1816 Latina
334 1763 476 1817 tellanas
495 1763 600 1818 Graeca
619 1763 742 1832 satyrica
760 1762 863 1829 differt,
883 1763 958 1832 quod
977 1764 1006 1816 in
1026 1780 1067 1818 sa·

54 1831 143 1898 tyrios
167 1832 225 1888 iere
250 1836 409 1903 satyrorum
433 1851 569 1903 personae
594 1834 766 1889 inducuntur
791 1838 841 1888 aut
864 1835 889 1890 si
912 1838 1069 1903 quaesunt

55 1902 188 1959 ridiculae
211 1905 318 1960 similes
342 1907 457 1976 satyris,
481 1906 635 1976 Autolycus
656 1906 762 1961 Busiris
781 1907 811 1959 in
829 1905 962 1961 Atellana
981 1906 1068 1961 Oscae
1130 1905 1134 1911 “

55 1990 196 2045 personae,
214 1980 247 2031 ut
266 1977 387 2033 Maccus.
414 1982 448 2047 cf.
463 1979 537 2034 Fest.
549 1997 580 2047 p.
594 1983 675 2046 352⁸,
689 1984 716 2032 8.
735 1980 817 2034 Paal.
833 1979 907 2034 Fest.
918 1997 948 2049 p.
963 1983 1028 2044 223,
1044 1984 1068 2032 6.

58 2046 178 2102 liuentia.
198 2049 230 2104 de
248 2050 305 2116 sab.
325 2051 429 2105 Donet.
450 2051 482 2105 de
501 2051 614 2106 cosnosci.
630 2053 651 2104 I
662 2068 691 2118 p.
707 2053 812 2104 13-31
828 2051 883 2104 We.
917 2052 991 2105 Dan.
1011 2052 1068 2104 Ter.

57 2117 159 2188 adelph.
175 2121 266 2190 praes.
282 2125 307 2174 7.
335 2122 433 2176 Oomm.
455 2123 534 2190 Oraq.
554 2124 586 2176 in
605 2123 674 2177 Hor.
695 2121 755 2176 ΑΡ
770 2126 837 2176 288.
863 2123 936 2193 Lyd.
952 2123 984 2176 de
998 2140 1068 2192 may.

57 2205 80 2256 p.
99 2191 134 2246 R.
154 2197 181 2258 1,
198 2197 242 2246 40.
280 2195 340 2247 alia
362 2194 394 2248 de
416 2195 554 2248 comoedia
572 2194 718 2248 Diomedes
741 2194 859 2248 tradidit
883 2197 922 2262 (p.
941 2199 1004 2259 491,
1021 2197 1069 2260 20)

58 2260 182 2317 Suetonio
200 2269 311 2318 auctore
328 2281 408 2332 asae,
433 2282 502 2334 qaae
519 2283 579 2320 ana
597 2283 658 2320 eam
675 2265 862 2335 superioribas
880 2266 918 2319 ad
938 2266 1071 2320 Varronis

58 2336 242 2390 auctoritatem
260 2338 383 2392 revocari
397 2339 521 2404 paean&
537 2339 584 2391 sed
602 2344 675 2393 certa
693 2337 799 2391 dedicio
817 2337 1016 2391 desiderantur.

59 2525 102 2582 DE
121 2530 411 2596 QUAESTIONIBUS
430 2532 613 2587 sensurus

533 2669 598 2726 307

63 2847 65 2852 ,
120 2780 207 2841 docet
238 2781 335 2840 Varro
367 2801 462 2858 neque
495 2784 527 2842 in
558 2783 615 2842 hac
648 2783 754 2842 fabula
791 2777 936 2862 [Hecyra]
974 2803 1070 2860 neque

61 2866 88 2924 in
114 2871 182 2930 aliis
210 2889 274 2930 esse
303 2872 485 2945 mirandum,
518 2873 598 2948 quod
626 2875 711 2932 actus
737 2875 867 2948 impares
897 2891 1070 2932 scaenarum

61 2961 291 3037 paginarumque
311 2962 372 3019 sint
394 2980 525 3036 numero,
549 2981 617 3020 cum
634 2963 708 3022 haec
726 2962 897 3021 distributio
916 2965 948 3020 in
971 2982 1070 3021 rerum

63 3043 261 3125 discriptione,
291 3069 351 3109 non
373 3052 406 3110 in
428 3071 551 3110 numero
574 3070 712 3110 versuum
741 3052 981 3126 constituissit,
1011 3071 1070 3110 non

63 3137 136 3210 apud
159 3139 285 3199 Latinos
308 3139 405 3216 modo,
428 3160 533 3199 verum
556 3141 647 3200 etiem
672 3141 753 3216 apud
776 3139 905 3200 Graecos
927 3142 1015 3216 ipsos.
1085 3163 1096 3202 c

109 3257 112 3264 “
126 3238 199 3294 ΒΜ.
213 3239 239 3292 Τ
237 3256 273 3293 er.
287 3239 341 3294 dee.
351 3240 443 3309 praes.
459 3243 514 3308 3,6
532 3254 598 3295 docet
612 3243 707 3293 autem
721 3255 794 3294 Vsrro
808 3272 834 3279 -
848 3254 913 3303 ipses.
947 3241 981 3307 cs.
995 3241 1069 3294 Dori.

64 3307 135 3362 andr.
160 3310 251 3378 praef.
276 3313 304 3377 2,
322 3314 347 3364 3.
376 3315 400 3376 3,
422 3317 454 3378 6,·
481 3327 543 3365 ean.
567 3317 594 3379 1,
613 3312 665 3379 5¹³;
692 3312 797 3380 adelph.
822 3318 847 3377 1,
866 3311 910 3366 4¹³.
947 3313 1070 3368 Scheide·

63 3383 164 3449 ranas,
178 3387 280 3452 quaest.
296 3382 420 3438 Euandt.
432 3401 462 3453 p.
474 3386 510 3438 32
529 3384 593 3438 adn.
604 3389 628 3436 1.
662 3385 727 3449 Lea,
742 3384 785 3439 Pl.
801 3384 836 3438 F.
848 3402 878 3452 p.
888 3388 987 3452 mesa.
1007 3385 1072 3438 haec

65 3452 153 3508 rectius
176 3453 215 3508 ad
237 3454 320 3508 libros
344 3455 387 3510 De
410 3456 564 3510 actionibus
588 3472 690 3522 scaen,
718 3473 798 3524 aream
824 3456 868 3509 De
891 3456 959 3510 actis
981 3472 1070 3510 scaea.

65 3521 163 3585 referas.
187 3543 225 3590 ,a
249 3525 371 3579 Varrone
398 3526 461 3580 item
485 3527 673 3594 praefationes
696 3527 856 3581 Donatiani
883 3528 1071 3581 testamentarii

67 3590 98 3641 ul
117 3595 268 3651 Terentiam
287 3597 426 3652 derivatae
444 3598 586 3663 videntum
611 3598 646 3663 cf.
666 3598 731 3662 Leo,
752 3597 803 3650 th.
821 3599 896 3651 Mas.
912 3601 949 3650 38
973 3600 1068 3666 (1883)

63 3676 87 3726 p.
100 3669 158 3720 327.
189 3667 303 3722 Hermes
319 3671 356 3722 24
375 3671 468 3737 (1889)
482 3685 513 3737 p.
530 3673 572 3722 71.

804 3756 856 3810 21*
