2444 3902
341 238 342 242 ,
400 186 430 240 Ρ.
449 185 582 258 Nigidius
601 186 717 257 Figulus
1001 187 1065 252 175

37 361 183 420 veterum
206 356 372 432 doctissimi
395 353 547 430 dixissent,
570 355 725 416 mendaces
749 359 779 417 et
800 355 907 416 infidos
931 359 962 414 et
984 355 1065 415 levis

36 448 208 522 inaniaque
230 463 285 521 pro
310 444 453 522 gravibus
476 448 507 504 et
529 445 606 504 veris
631 447 814 504 astutissime
842 447 1064 520 componentes,

37 535 172 596 stolidos
204 536 304 592 autem
332 535 434 594 vocari
460 554 520 593 non
542 537 606 592 tarn
629 535 737 594 stultos
760 537 791 594 et
813 534 950 593 excordes
975 553 1092 610 quame

37 628 161 685 taetros
186 626 216 688 et,
237 623 378 682 molestos
406 626 436 681 et
462 623 622 698 inlepidos,
653 640 727 699 qnos
756 622 863 683 Graeci
892 621 1065 701 μοχθηροὺς

37 712 93 774 καὶ
119 711 282 791 pomereio
310 710 449 771 dicerent.
496 715 597 788 styma
625 732 744 788 quoque
770 713 879 771 harum
905 731 1012 771 vocum
1036 715 1066 770 et

39 803 179 880 origines
203 802 330 877 scriptas
354 818 416 860 esse
440 801 559 860 dicebat
581 802 613 859 in
635 800 720 860 libris
743 801 922 882 Nigidianis.

122 901 192 956 Geli.
203 904 248 966 18,
255 904 282 966 4,
291 905 325 954 10
343 916 394 954 nos
409 901 503 953 antem
517 901 616 968 posteo
630 925 659 954 οι
668 913 796 962 aponum
805 891 974 963 -Nipidiania
994 915 1065 967 quas

39 972 200 1043 requisitas
214 987 266 1042 ego
281 973 311 1025 et
323 973 450 1041 repertos
465 987 529 1024 cnm
543 971 698 1040 primarum
717 971 955 1042 significationum
974 986 1066 1024 exem-

39 1045 109 1115 plis,
126 1045 160 1098 ut
169 1041 376 1097 commentariis
385 1043 486 1096 harum
498 1042 623 1096 noctium
635 1040 775 1110 inferrem,
791 1042 887 1096 notavi
897 1045 926 1096 et
935 1041 1065 1096 intulisse

39 1119 101 1171 iarn
117 1131 164 1169 rne
179 1113 276 1182 aliquo
291 1113 320 1166 in
333 1113 395 1167 loco
411 1113 694 1167 commentationibus
709 1113 772 1168 istis
787 1113 925 1169 existimo.
959 1113 1067 1168 Gellius

40 1189 168 1312 “wigii
176 1203 205 1240 a.
224 1203 250 1239 u.
271 1189 347 1308 &114
370 1187 467 1310 imma
491 1186 590 1312 etgseet
598 1184 791 1312 ibidemGeuP,
805 1184 922 1312 Nilgildio
934 1185 1066 1310 §rigings

40 1275 139 1399 iodap.
151 1272 404 1398 &diunisiae
420 1258 536 1393 miser.
565 1272 815 1384 siioiiiaueiei}
831 1334 857 1394 1,
866 1298 929 1383 3'92.
950 1273 993 1393 ii}
1003 1273 1066 1381 rori

41 1399 317 1528 Sergffibidssmd.
353 1400 423 1454 Isioi.
447 1417 486 1454 or.
511 1403 631 1465 10,279.
671 1401 753 1455 OGL
773 1401 799 1453 V
813 1404 877 1464 559,
891 1403 917 1453 8.
938 1431 971 1439 —
991 1399 1065 1454 Fosi.

38 1492 68 1543 p,
151 1485 176 1537 ⁰,
227 1512 234 1523 .

121 1584 136 1631 6
157 1580 263 1633 castros
275 1577 350 1632 Voss.
361 1579 425 1633 Lat.
436 1579 467 1633 F
480 1581 497 1632 7
534 1580 656 1632 stautms
670 1579 764 1632 Poris.
792 1579 897 1631 taetros
911 1578 952 1631 cei
978 1539 1067 1631 tetros

42 1652 103 1706 rell.
134 1651 261 1704 austeros
281 1650 366 1704 Hertz
476 1647 570 1720 iaci]
591 1650 637 1702 ΕΤ
663 1650 735 1704 Voss.
756 1651 820 1704 Lat.
836 1649 898 1704 Fe

487 1819 530 1877 35
571 1818 612 1877 59

115 1924 258 2004 Nigidius
277 1925 367 1985 celari
392 1926 524 2002 quaerit,
549 1811 649 1984 imin
668 1925 790 2000 plenum
809 1923 849 1983 sit
867 1943 906 1981 au
924 1912 1066 2000 pressum.

120 2026 197 2079 Dea.
219 2025 244 2077 Τ
243 2041 279 2078 et'.
295 2025 400 2093 phorm.
422 2029 446 2091 1,
461 2028 518 2091 4,4
536 2037 792 2087 Nigidius-pressum.
825 2023 858 2077 de
871 2022 989 2094 Niyi'dt’o
1004 2024 1069 2078 him

44 2105 70 2152 ei
89 2114 125 2152 ex
142 2098 182 2164 fr.
201 2099 244 2150 36.
261 2099 297 2149 37
326 2096 445 2150 Terentii
463 2097 608 2164 interprete
626 2095 697 2162 saiso
717 2095 870 2149 ecistimcio
888 2095 931 2148 oei.
951 2093 1067 2162 Bitschi,

45 2171 164 2238 Parere.
181 2184 210 2235 p.
226 2169 281 2222 363
289 2184 327 2242 sq.

488 2301 532 2358 ee
556 2293 626 2377 [eo]

117 2403 268 2484 ‘protinus
281 2408 313 2464 in
331 2398 445 2483 pedes'.
482 2405 632 2482 protinam
650 2397 711 2464 fuit
725 2406 811 2465 etsie
825 2405 965 2482 Nigidius
983 2405 1066 2483 legit.

120 2508 228 2561 Donat.
243 2505 309 2559 iiiiii.
326 2510 428 2572 1,4,13
446 2503 546 2568 promus
560 2536 586 2543 -
600 2519 660 2568 regis
692 2506 727 2572 cf.
744 2505 832 2560 Varro
846 2504 879 2558 de
892 2505 909 2558 i.
922 2505 955 2558 L.
971 2509 1066 2571 7,107.

45 2581 132 2635 Paul.
154 2578 229 2632 Feci.
245 2593 275 2645 p.
292 2580 358 2644 226,
372 2581 417 2632 20.
455 2578 530 2631 Noe.
545 2592 574 2644 p.
595 2579 658 2642 375,
672 2580 715 2631 31.
933 2591 935 2596 ·

489 2730 532 2786 37
572 2730 612 2785 61

114 2854 176 2895 non
205 2835 323 2911 pudere.
369 2835 419 2894 hic
441 2721 581 2911 Nigidiis
610 2720 767 2892 ddnotavit
797 2833 945 2892 neminem
971 2819 1069 2912 uideri

44 2925 161 3003 pudere
185 2926 255 2983 ante
278 2924 427 2984 delictum.

120 3025 228 3079 Donat.
248 3023 315 3077 ibid.
334 3027 362 3089 2,
377 3029 402 3089 1,
416 3027 434 3078 3
452 3047 498 3078 non
511 3037 595 3085 pudere
608 3054 635 3061 -
649 3036 761 3076 delictum.
822 3027 824 3032 ’

301 3225 521 3289 ΕΧἈΠΘΠΒΠ
538 3231 687 3288 servem
704 3232 821 3288 niueis
873 3205 875 3209 ’

490 3370 534 3427 es
557 3362 628 3447 [eo]

118 3487 167 3545 lib.
199 3485 227 3543 1.
288 3483 476 3562 discrepat
517 3483 642 3542 dextre
682 3485 872 3556 sinistrae,
917 3501 1068 3558 praepes

49 3575 198 3634 inferas.
939 3577 941 3581 ’
