2534 3908
133 159 248 212 XXVIII
541 156 743 226 Prolegomena

95 344 120 382 10
133 327 189 385 hoc
216 327 298 384 illius
328 344 435 384 munus
463 327 494 384 in
521 328 575 385 tua
603 325 760 402 diligentia
789 327 920 401 positum
948 331 1000 386 est.
1047 326 1073 386 si
1100 347 1149 385 me

134 435 230 489 611166,
260 435 331 474 eura
359 419 393 473 ut
421 418 633 474 conserventur
660 418 691 473 et
718 415 756 473 ad
783 435 829 474 me
857 416 1058 492 perferantur3
1091 417 1149 475 hoc

133 505 208 563 mihi
231 505 307 562 nihil
330 507 430 580 potest
453 523 515 564 esse
538 506 661 582 gratius.
700 508 730 562 et
753 523 818 562 cum
840 502 966 564 Graecos
989 509 1056 564 tum
1075 524 1148 564 vero

134 595 293 671 diligenter
315 593 439 652 Latinos
462 596 497 652 ut
520 611 673 652 conserves
696 595 795 652 velim.
832 595 871 652 at.
891 595 1019 666 661661.
1037 597 1147 662 16,2O

135 677 188 760 [art
209 677 356 761 Tironem]
380 682 472 742 libros
493 700 643 758 compone,
667 683 801 742 indicem.
839 682 878 740 ta.
898 684 938 741 aet
955 681 1147 751 116661

94 791 119 830 ra
135 766 222 850 [Anti
245 791 271 830 a.
298 765 438 847 695159]
462 772 547 831 libris
571 791 617 830 me
641 772 768 846 delecto,
793 791 918 846 quorum
941 772 1035 830 habeo
1059 772 1149 831 Anti

132 861 272 921 festivam
296 863 421 938 copiam.
467 862 506 918 ici.
525 861 594 919 tota.
615 864 645 928 4,
660 864 741 928 411
767 853 812 938 [in
825 859 942 919 Antiati
961 881 987 919 a.
1005 854 1145 942 698156]

132 950 263 1025 perbelle
285 951 398 1023 feceris,
423 951 449 1007 si
468 950 506 1007 ad
524 968 577 1008 nos
601 952 724 1008 veneris.
762 951 890 1008 offendes
910 951 1147 1026 designatIonem

132 1041 330 1114 Tyrannionis
365 1039 520 1096 mirificam
552 1039 697 1098 librorum
728 1058 861 1097 meorum
897 1032 1147 1119 [bibliothecam],

133 1149 259 1205 quorum
278 1129 422 1202 reliquiae
445 1127 540 1186 multo
558 1129 694 1187 meliores
715 1131 792 1194 sunt,
818 1147 908 1202 quam
930 1131 1077 1203 putaram.
1117 1132 1148 1187 61

93 1237 118 1274 16
133 1218 223 1276 velim
246 1218 319 1275 mihi
342 1219 445 1276 mittas
464 1217 500 1275 de
523 1217 583 1276 tuis
606 1216 769 1276 librariolis
793 1217 866 1276 duos
890 1219 1014 1293 aliquos,
1038 1217 1146 1293 quibus

133 1307 283 1382 Tyrannio
305 1310 408 1364 utatur
431 1305 672 1383 glutinatoribus
697 1307 735 1364 ad
758 1309 856 1365 cetera
880 1306 1072 1380 administris,
1096 1306 1147 1366 iis-

134 1415 191 1470 que
221 1398 361 1472 imperes,
391 1398 426 1453 ut
453 1398 572 1454 sumant
601 1396 849 1469 membranulam,
882 1415 917 1453 ex
945 1415 1005 1471 qua
1034 1396 1147 1454 indices

132 1485 219 1565 fiant,
250 1503 325 1560 quos
353 1503 405 1544 vos
431 1483 548 1557 Graeci,
577 1490 612 1542 ut
641 1485 759 1561 opinor,
790 1483 946 1562 militaus
977 1484 1146 1560 appellatis.

132 1575 171 1632 id.
186 1575 255 1632 ibid.
269 1577 299 1642 4,
311 1575 371 1642 82
386 1566 473 1650 [Anti
487 1591 514 1631 a.
530 1567 668 1652 698156]
684 1576 790 1648 postea
804 1592 874 1632 vero
890 1592 980 1648 quam
994 1575 1147 1650 Tyrannio

93 1681 118 1720 25
133 1663 208 1721 mihi
234 1662 327 1722 libros
350 1663 510 1738 (Imposuit,
541 1681 623 1722 mens
648 1663 750 1721 addita
777 1662 895 1720 videtur
917 1665 991 1721 meis
1015 1663 1146 1722 aedibus.

132 1771 192 1828 qua
223 1752 341 1826 quidem
371 1754 403 1809 in
432 1771 465 1810 re
494 1751 619 1810 mirifica
651 1771 741 1827 opera
769 1751 895 1826 Dionysi
924 1754 955 1809 et
981 1751 1148 1828 Menophili

131 1842 178 1900 tui
205 1841 271 1899 fuit.
317 1841 393 1898 nihil
420 1841 573 1900 venustius
602 1860 692 1916 quam
718 1841 773 1898 1116
801 1844 854 1899 tua
881 1843 1035 1918 pegmata,
1065 1844 1147 1916 post·

132 1949 224 2006 qnam
255 1931 297 1987 mi
334 1929 450 2004 sillybis
482 1929 574 1988 libros
611 1931 809 1988 illustrarunt.
868 1930 1000 1988 16116.
1027 1933 1056 1998 4,
1078 1930 1147 1997 5,3

133 2013 179 2097 [in
192 2017 308 2078 Antiati
323 2038 349 2078 6.
367 2011 506 2097 698156]
526 2018 737 2077 bibliothecam
755 2019 830 2077 mihi
845 2020 892 2078 tui
905 2020 1065 2095 pinxerunt
1079 2039 1147 2078 cun·

91 2109 293 2167 6661166116116
309 2110 339 2166 61
352 2107 475 2182 sillybis.
509 2127 558 2167 eos
572 2108 662 2166 velim
676 2108 787 2166 laudes,
816 2109 901 2163 alian
917 2110 1100 2164 bibliothecam
1116 2111 1148 2164 in

133 2189 255 2243 (larnano
273 2190 358 2256 166666
374 2191 539 2258 perspicitur
558 2206 591 2244 etr
609 2189 684 2257 epist.
705 2189 742 2242 aot
763 2188 792 2258 Q.
812 2191 847 2256 fr.
866 2193 952 2255 2,12.
972 2193 998 2256 3,
1014 2193 1031 2243 5
1045 2194 1070 2244 et
1085 2193 1147 2256 6,1.

200 2324 228 2380 9.
255 2321 311 2380 Oia
332 2323 371 2380 aet
391 2322 479 2395 1111.
500 2325 529 2390 3,
546 2325 574 2389 4,
592 2321 611 2380 5
635 2315 676 2400 [a.
697 2315 837 2401 796154]
862 2322 898 2381 de
921 2321 1147 2380 bibliotheca

131 2414 194 2469 tua
219 2409 331 2470 Graeca
354 2411 533 2487 supplenda,
561 2411 645 2469 libris
674 2411 1043 2484 66111661611116,116111116
1068 2430 1145 2470 com·
1228 2447 1230 2450 ·

131 2499 281 2575 parandis,
300 2500 387 2558 valde
406 2500 495 2558 velim
512 2502 571 2558 ista
590 2499 702 2574 confici,
721 2499 898 2575 praesertim
912 2519 980 2559 cum
995 2500 1034 2558 ad
1047 2518 1147 2559 meum

133 2608 250 2663 quoque
279 2607 364 2647 usum
393 2591 538 2663 spectent3
569 2589 620 2647 sed
644 2608 698 2666 ego
722 2589 796 2647 mihi
818 2591 878 2666 ipsi
899 2591 959 2649 ista
982 2608 1035 2664 per
1058 2609 1146 2665 quem

132 2697 229 2755 agam,
252 2697 311 2736 non
335 2678 438 2751 1161166,
462 2697 557 2752 neque
581 2679 659 2736 enim
682 2679 801 2736 uenalia
824 2681 902 2752 sunt,
927 2697 1002 2754 quae
1027 2677 1146 2753 quidem

131 2768 278 2842 placeant,
309 2771 339 2826 61
362 2767 466 2827 confici
489 2767 548 2826 nisi
570 2787 624 2842 per
646 2767 796 2825 hominem
819 2771 850 2830 ct
872 2768 1001 2844 peritum
1025 2767 1146 2828 611111-

132 2860 252 2933 gentem
275 2876 335 2914 non
358 2859 490 2932 possunt,
537 2855 702 2932 Chrysippo
725 2859 827 2915 temen
849 2858 1003 2933 imperabo
1027 2858 1146 2915 etcum

131 2945 319 3020 Tyrannione
343 2947 457 3021 loquar.
504 2948 538 3013 ef.
558 2947 596 2998 tu.
616 2945 682 2999 ibid.
702 2949 727 3012 3,
743 2951 769 3012 6,
784 2951 808 3000 6.

200 3091 249 3146 10.
275 3087 333 3148 Cic.
353 3087 411 3146 Aa.
433 3091 564 3156 4,10,1
590 3080 636 3165 [in
660 3087 792 3147 0661666
811 3107 837 3146 a.
861 3081 1001 3167 699155]
1025 3106 1079 3166 ego
1098 3087 1146 3146 hic

131 3196 237 3252 pascor
265 3176 491 3236 bibliotheca
520 3176 653 3234 Fausti.
699 3177 814 3243 16116666
837 3178 902 3232 haee
924 3179 1005 3233 nulla
1027 3179 1086 3232 atta
1109 3185 1147 3233 ert

131 3261 188 3312 nisi
211 3259 390 3327 Apellicantis
412 3265 438 3312 et
460 3258 553 3313 sanae
578 3259 644 3326 (test
665 3260 692 3327 3)
721 3256 759 3311 ad
785 3259 868 3312 baias
894 3259 984 3326 filiam
1006 3259 1146 3314 Faustam

131 3330 223 3384 delata
241 3330 396 3384 hereditate.
434 3331 467 3397 61.
487 3346 557 3399 qaue
576 3330 649 3383 Boot
667 3329 704 3382 ad
722 3330 796 3383 nane
813 3331 830 3384 i.
851 3329 1002 3385 adnotavit.

200 3466 249 3520 11.
274 3456 352 3521 Snet.
376 3465 425 3522 eit.
455 3460 537 3536 Verp.
556 3480 588 3534 p.
611 3463 653 3520 66
666 3461 702 3519 R.
736 3463 812 3522 eius
837 3455 989 3541 [Verpilii]
1014 3461 1145 3521 biblio-

130 3550 237 3609 theca
259 3569 318 3609 non
342 3552 440 3609 minus
464 3551 532 3610 aliis
556 3550 650 3610 doctis
674 3550 798 3626 patebat
822 3570 912 3627 quam
935 3550 1000 3610 sibi.
