<?xml version="1.0" encoding="UTF-8"?>
<!DOCTYPE html PUBLIC "-//W3C//DTD XHTML 1.0 Transitional//EN"
    "http://www.w3.org/TR/xhtml1/DTD/xhtml1-transitional.dtd">
<html xmlns="http://www.w3.org/1999/xhtml" xml:lang="en" lang="en">
 <head>
  <title>
</title>
<meta http-equiv="Content-Type" content="text/html;charset=utf-8" />
  <meta name='ocr-system' content='tesseract 3.04.00' />
  <meta name='ocr-capabilities' content='ocr_page ocr_carea ocr_par ocr_line ocrx_word'/>
</head>
<body>
  <div class='ocr_page' id='page_1' title='image "./grammaticaeroma00funagoog_0245.png"; bbox 0 0 2444 3902; ppageno 0'>
   <div class='ocr_carea' id='block_1_1' title="bbox 393 191 1057 258">
    <p class='ocr_par' dir='ltr' id='par_1_1' title="bbox 393 191 1057 258">
     <span class='ocr_line' id='line_1_1' title="bbox 393 191 1057 258; baseline 0.02 -13"><span class='ocrx_word' id='word_1_1' title='bbox 393 191 429 245; x_wconf 83' lang='grc' dir='ltr'>Μ.</span> <span class='ocrx_word' id='word_1_2' title='bbox 449 191 595 246; x_wconf 82' lang='lat' dir='ltr'>Terentius</span> <span class='ocrx_word' id='word_1_3' title='bbox 615 193 703 248; x_wconf 78' lang='lat' dir='ltr'>Varro</span> <span class='ocrx_word' id='word_1_4' title='bbox 991 192 1057 258; x_wconf 80' lang='grc'>205</span> 
     </span>
    </p>
   </div>
   <div class='ocr_carea' id='block_1_2' title="bbox 35 355 1059 995">
    <p class='ocr_par' dir='ltr' id='par_1_2' title="bbox 35 355 1059 995">
     <span class='ocr_line' id='line_1_2' title="bbox 479 355 662 440; baseline -0.005 -20"><span class='ocrx_word' id='word_1_5' title='bbox 479 364 522 420; x_wconf 81' lang='grc'>46</span> <span class='ocrx_word' id='word_1_6' title='bbox 546 355 616 440; x_wconf 80' lang='grc'><strong>[47]</strong></span> <span class='ocrx_word' id='word_1_7' title='bbox 660 355 662 360; x_wconf 67' lang='grc'><strong>’</strong></span> 
     </span>
     <span class='ocr_line' id='line_1_3' title="bbox 106 469 1057 546; baseline 0.002 -19"><span class='ocrx_word' id='word_1_8' title='bbox 106 487 217 545; x_wconf 83' lang='lat' dir='ltr'>quare</span> <span class='ocrx_word' id='word_1_9' title='bbox 244 471 281 528; x_wconf 91' lang='lat' dir='ltr'>in</span> <span class='ocrx_word' id='word_1_10' title='bbox 304 469 451 527; x_wconf 81' lang='lat' dir='ltr'>huiusce</span> <span class='ocrx_word' id='word_1_11' title='bbox 479 469 575 527; x_wconf 85' lang='lat' dir='ltr'>modi</span> <span class='ocrx_word' id='word_1_12' title='bbox 597 469 687 528; x_wconf 85' lang='lat' dir='ltr'>loeis</span> <span class='ocrx_word' id='word_1_13' title='bbox 716 469 801 546; x_wconf 90' lang='lat' dir='ltr'>poni</span> <span class='ocrx_word' id='word_1_14' title='bbox 828 471 974 545; x_wconf 86' lang='lat' dir='ltr'>oportet</span> <span class='ocrx_word' id='word_1_15' title='bbox 997 489 1057 529; x_wconf 93' lang='lat' dir='ltr'>no-</span> 
     </span>
     <span class='ocr_line' id='line_1_4' title="bbox 35 557 1058 635; baseline 0 -18"><span class='ocrx_word' id='word_1_16' title='bbox 35 561 112 617; x_wconf 81' lang='lat' dir='ltr'>tam</span> <span class='ocrx_word' id='word_1_17' title='bbox 133 558 151 617; x_wconf 97' lang='lat' dir='ltr'>I</span> <span class='ocrx_word' id='word_1_18' title='bbox 175 561 421 617; x_wconf 83' lang='lat' dir='ltr'>transversam</span> <span class='ocrx_word' id='word_1_19' title='bbox 443 559 539 616; x_wconf 88' lang='lat' dir='ltr'>inter</span> <span class='ocrx_word' id='word_1_20' title='bbox 562 559 737 635; x_wconf 79' lang='lat' dir='ltr'><strong>syllabas,</strong></span> <span class='ocrx_word' id='word_1_21' title='bbox 761 557 991 635; x_wconf 86' lang='lat' dir='ltr'>frequentius</span> <span class='ocrx_word' id='word_1_22' title='bbox 1016 559 1058 617; x_wconf 87' lang='lat' dir='ltr'>ad</span> 
     </span>
     <span class='ocr_line' id='line_1_5' title="bbox 38 648 1057 723; baseline 0.001 -17"><span class='ocrx_word' id='word_1_23' title='bbox 38 650 236 706; x_wconf 80' lang='lat' dir='ltr'>extremum</span> <span class='ocrx_word' id='word_1_24' title='bbox 273 664 418 706; x_wconf 87' lang='lat' dir='ltr'>versum·</span> <span class='ocrx_word' id='word_1_25' title='bbox 451 648 631 705; x_wconf 87' lang='lat' dir='ltr'>senarium</span> <span class='ocrx_word' id='word_1_26' title='bbox 669 650 704 706; x_wconf 86' lang='lat' dir='ltr'>et</span> <span class='ocrx_word' id='word_1_27' title='bbox 740 648 895 722; x_wconf 86' lang='lat' dir='ltr'>similes,</span> <span class='ocrx_word' id='word_1_28' title='bbox 932 649 963 706; x_wconf 90' lang='lat' dir='ltr'>si</span> <span class='ocrx_word' id='word_1_29' title='bbox 995 667 1057 723; x_wconf 86' lang='lat' dir='ltr'>pro</span> 
     </span>
     <span class='ocr_line' id='line_1_6' title="bbox 37 730 1057 816; baseline 0 -22"><span class='ocrx_word' id='word_1_30' title='bbox 37 737 149 814; x_wconf 81' lang='lat' dir='ltr'>longa</span> <span class='ocrx_word' id='word_1_31' title='bbox 173 735 315 795; x_wconf 85' lang='lat' dir='ltr'>brevem</span> <span class='ocrx_word' id='word_1_32' title='bbox 338 735 519 794; x_wconf 89' lang='lat' dir='ltr'>habebunt</span> <span class='ocrx_word' id='word_1_33' title='bbox 543 739 751 810; x_wconf 82' lang='lat' dir='ltr'>extremam,</span> <span class='ocrx_word' id='word_1_34' title='bbox 774 740 813 795; x_wconf 93' lang='lat' dir='ltr'>ut</span> <span class='ocrx_word' id='word_1_35' title='bbox 835 737 871 795; x_wconf 92' lang='lat' dir='ltr'>in</span> <span class='ocrx_word' id='word_1_36' title='bbox 889 737 953 796; x_wconf 90' lang='lat' dir='ltr'>hoo</span> <span class='ocrx_word' id='word_1_37' title='bbox 977 730 1057 816; x_wconf 81' lang='lat' dir='ltr'>[Tor.</span> 
     </span>
     <span class='ocr_line' id='line_1_7' title="bbox 39 819 1058 904; baseline 0 -20"><span class='ocrx_word' id='word_1_38' title='bbox 39 825 155 884; x_wconf 83' lang='lat' dir='ltr'>Pborm.</span> <span class='ocrx_word' id='word_1_39' title='bbox 168 819 239 904; x_wconf 81' lang='lat'><strong>35]:</strong></span> <span class='ocrx_word' id='word_1_40' title='bbox 255 820 401 884; x_wconf 83' lang='lat' dir='ltr'>‘amicus</span> <span class='ocrx_word' id='word_1_41' title='bbox 418 843 572 884; x_wconf 89' lang='lat' dir='ltr'>summus</span> <span class='ocrx_word' id='word_1_42' title='bbox 587 845 682 884; x_wconf 89' lang='lat' dir='ltr'>meus</span> <span class='ocrx_word' id='word_1_43' title='bbox 697 829 731 886; x_wconf 91' lang='lat' dir='ltr'>et</span> <span class='ocrx_word' id='word_1_44' title='bbox 745 826 934 902; x_wconf 87' lang='lat' dir='ltr'>popularis</span> <span class='ocrx_word' id='word_1_45' title='bbox 949 820 1058 885; x_wconf 83' lang='lat' dir='ltr'>Geta&#39;.</span> 
     </span>
     <span class='ocr_line' id='line_1_8' title="bbox 111 923 1059 995; baseline -0.002 -17"><span class='ocrx_word' id='word_1_46' title='bbox 111 925 209 991; x_wconf 76' lang='lat' dir='ltr'>Rufio.</span> <span class='ocrx_word' id='word_1_47' title='bbox 230 925 262 978; x_wconf 82' lang='lat' dir='ltr'>s&#39;a</span> <span class='ocrx_word' id='word_1_48' title='bbox 279 929 353 978; x_wconf 76' lang='lat' dir='ltr'>awtr.</span> <span class='ocrx_word' id='word_1_49' title='bbox 377 925 480 978; x_wconf 77' lang='lat' dir='ltr'>Terent.</span> <span class='ocrx_word' id='word_1_50' title='bbox 496 941 525 991; x_wconf 80' lang='lat' dir='ltr'>p.</span> <span class='ocrx_word' id='word_1_51' title='bbox 542 928 653 990; x_wconf 84' lang='lat'><strong><em>555,11</em></strong></span> <span class='ocrx_word' id='word_1_52' title='bbox 673 924 762 978; x_wconf 84' lang='lat' dir='ltr'>Varro</span> <span class='ocrx_word' id='word_1_53' title='bbox 786 925 820 977; x_wconf 85' lang='lat' dir='ltr'>de</span> <span class='ocrx_word' id='word_1_54' title='bbox 839 924 938 995; x_wconf 84' lang='lat' dir='ltr'>lingua</span> <span class='ocrx_word' id='word_1_55' title='bbox 956 923 1059 977; x_wconf 84' lang='lat' dir='ltr'>Latina</span> 
     </span>
    </p>
   </div>
   <div class='ocr_carea' id='block_1_3' title="bbox 40 993 1167 1070">
    <p class='ocr_par' dir='ltr' id='par_1_3' title="bbox 40 993 1167 1070">
     <span class='ocr_line' id='line_1_9' title="bbox 40 993 1167 1070; baseline 0.003 -23"><span class='ocrx_word' id='word_1_56' title='bbox 40 995 76 1047; x_wconf 86' lang='lat' dir='ltr'>ad</span> <span class='ocrx_word' id='word_1_57' title='bbox 101 994 270 1049; x_wconf 81' lang='lat' dir='ltr'>Marcellum</span> <span class='ocrx_word' id='word_1_58' title='bbox 296 993 348 1048; x_wconf 86' lang='lat' dir='ltr'>sio:</span> <span class='ocrx_word' id='word_1_59' title='bbox 377 1019 446 1058; x_wconf 67' lang='lat' dir='ltr'>quare</span> <span class='ocrx_word' id='word_1_60' title='bbox 460 1026 486 1034; x_wconf 93' lang='lat'><strong>—</strong></span> <span class='ocrx_word' id='word_1_61' title='bbox 502 1007 564 1049; x_wconf 71' lang='lat' dir='ltr'>sess.</span> <span class='ocrx_word' id='word_1_62' title='bbox 600 997 633 1049; x_wconf 86' lang='lat' dir='ltr'>de</span> <span class='ocrx_word' id='word_1_63' title='bbox 655 997 830 1051; x_wconf 66' lang='lat' dir='ltr'>collocatione</span> <span class='ocrx_word' id='word_1_64' title='bbox 845 999 891 1064; x_wconf 81' lang='lat' dir='ltr'>of.</span> <span class='ocrx_word' id='word_1_65' title='bbox 915 996 980 1050; x_wconf 76' lang='lat' dir='ltr'>ada.</span> <span class='ocrx_word' id='word_1_66' title='bbox 997 1003 1060 1064; x_wconf 80' lang='lat' dir='ltr'>poet</span> <span class='ocrx_word' id='word_1_67' title='bbox 1165 1067 1167 1070; x_wconf 22' lang='grc' dir='ltr'>Ι</span> 
     </span>
    </p>
   </div>
   <div class='ocr_carea' id='block_1_4' title="bbox 41 1068 1059 1418">
    <p class='ocr_par' dir='ltr' id='par_1_4' title="bbox 41 1068 139 1132">
     <span class='ocr_line' id='line_1_10' title="bbox 41 1068 139 1132; baseline 0.01 -12"><span class='ocrx_word' id='word_1_68' title='bbox 41 1068 76 1132; x_wconf 71' lang='lat' dir='ltr'>tr.</span> <span class='ocrx_word' id='word_1_69' title='bbox 95 1071 139 1121; x_wconf 88' lang='lat'>39.</span> 
     </span>
    </p>

    <p class='ocr_par' dir='ltr' id='par_1_5' title="bbox 43 1157 1059 1418">
     <span class='ocr_line' id='line_1_11' title="bbox 482 1157 616 1242; baseline 0.022 -22"><span class='ocrx_word' id='word_1_70' title='bbox 482 1165 521 1220; x_wconf 78' lang='lat' dir='ltr'>n</span> <span class='ocrx_word' id='word_1_71' title='bbox 545 1157 616 1242; x_wconf 80' lang='lat'><strong><em>[82]</em></strong></span> 
     </span>
     <span class='ocr_line' id='line_1_12' title="bbox 43 1269 1059 1348; baseline 0.004 -20"><span class='ocrx_word' id='word_1_72' title='bbox 43 1323 46 1328; x_wconf 16' lang='grc' dir='ltr'><strong>Α</strong></span> <span class='ocrx_word' id='word_1_73' title='bbox 108 1269 144 1327; x_wconf 84' lang='lat' dir='ltr'>id</span> <span class='ocrx_word' id='word_1_74' title='bbox 177 1273 369 1346; x_wconf 86' lang='lat' dir='ltr'>praesente</span> <span class='ocrx_word' id='word_1_75' title='bbox 406 1270 540 1348; x_wconf 81' lang='lat' dir='ltr'>legatis</span> <span class='ocrx_word' id='word_1_76' title='bbox 573 1271 736 1330; x_wconf 90' lang='lat' dir='ltr'>omnibus</span> <span class='ocrx_word' id='word_1_77' title='bbox 779 1273 940 1332; x_wconf 84' lang='lat' dir='ltr'>exercitu</span> <span class='ocrx_word' id='word_1_78' title='bbox 978 1292 1059 1348; x_wconf 89' lang='lat' dir='ltr'>pro·</span> 
     </span>
     <span class='ocr_line' id='line_1_13' title="bbox 46 1359 197 1418; baseline 0.007 -4"><span class='ocrx_word' id='word_1_79' title='bbox 46 1359 197 1418; x_wconf 80' lang='lat' dir='ltr'>nuntiat.</span> 
     </span>
    </p>
   </div>
   <div class='ocr_carea' id='block_1_5' title="bbox 48 1457 1062 2385">
    <p class='ocr_par' dir='ltr' id='par_1_6' title="bbox 48 1457 1062 2385">
     <span class='ocr_line' id='line_1_14' title="bbox 113 1457 1060 1528; baseline 0.002 -17"><span class='ocrx_word' id='word_1_80' title='bbox 113 1457 188 1512; x_wconf 84' lang='lat' dir='ltr'>Don.</span> <span class='ocrx_word' id='word_1_81' title='bbox 216 1457 275 1512; x_wconf 80' lang='lat' dir='ltr'>Ter.</span> <span class='ocrx_word' id='word_1_82' title='bbox 299 1474 360 1511; x_wconf 77' lang='lat' dir='ltr'>own.</span> <span class='ocrx_word' id='word_1_83' title='bbox 385 1461 411 1523; x_wconf 81' lang='lat'>4,</span> <span class='ocrx_word' id='word_1_84' title='bbox 430 1461 455 1524; x_wconf 88' lang='lat'>3,</span> <span class='ocrx_word' id='word_1_85' title='bbox 477 1457 552 1511; x_wconf 60' lang='lat'>7¹⁴</span> <span class='ocrx_word' id='word_1_86' title='bbox 578 1459 684 1512; x_wconf 78' lang='lat' dir='ltr'>‘neseio</span> <span class='ocrx_word' id='word_1_87' title='bbox 710 1459 779 1527; x_wconf 90' lang='lat' dir='ltr'>quid</span> <span class='ocrx_word' id='word_1_88' title='bbox 797 1460 923 1528; x_wconf 87' lang='lat' dir='ltr'>profecto</span> <span class='ocrx_word' id='word_1_89' title='bbox 943 1460 1060 1513; x_wconf 84' lang='lat' dir='ltr'>absente</span> 
     </span>
     <span class='ocr_line' id='line_1_15' title="bbox 48 1525 1060 1601; baseline 0.005 -22"><span class='ocrx_word' id='word_1_90' title='bbox 48 1525 125 1581; x_wconf 89' lang='lat' dir='ltr'>nobis</span> <span class='ocrx_word' id='word_1_91' title='bbox 142 1528 289 1583; x_wconf 82' lang='lat' dir='ltr'>turbatum</span> <span class='ocrx_word' id='word_1_92' title='bbox 308 1530 351 1582; x_wconf 86' lang='lat' dir='ltr'>est</span> <span class='ocrx_word' id='word_1_93' title='bbox 370 1528 457 1582; x_wconf 83' lang='lat' dir='ltr'>domi’</span> <span class='ocrx_word' id='word_1_94' title='bbox 479 1532 528 1582; x_wconf 82' lang='lat' dir='ltr'>aut</span> <span class='ocrx_word' id='word_1_95' title='bbox 547 1529 831 1601; x_wconf 76' lang='lat' dir='ltr'>subdistinguendum</span> <span class='ocrx_word' id='word_1_96' title='bbox 849 1534 878 1584; x_wconf 87' lang='lat' dir='ltr'>et</span> <span class='ocrx_word' id='word_1_97' title='bbox 892 1531 1060 1584; x_wconf 88' lang='lat' dir='ltr'>subaudien-</span> 
     </span>
     <span class='ocr_line' id='line_1_16' title="bbox 49 1597 1060 1672; baseline 0.007 -23"><span class='ocrx_word' id='word_1_98' title='bbox 49 1597 111 1650; x_wconf 91' lang='lat' dir='ltr'>dum</span> <span class='ocrx_word' id='word_1_99' title='bbox 128 1615 182 1665; x_wconf 84' lang='lat' dir='ltr'>me,</span> <span class='ocrx_word' id='word_1_100' title='bbox 202 1603 252 1653; x_wconf 89' lang='lat' dir='ltr'>aut</span> <span class='ocrx_word' id='word_1_101' title='bbox 270 1598 425 1669; x_wconf 79' lang='grc' dir='ltr'><em>ἀρχαισμός</em></span> <span class='ocrx_word' id='word_1_102' title='bbox 443 1602 486 1655; x_wconf 89' lang='lat' dir='ltr'>est</span> <span class='ocrx_word' id='word_1_103' title='bbox 499 1601 590 1672; x_wconf 79' lang='lat' dir='ltr'>figura</span> <span class='ocrx_word' id='word_1_104' title='bbox 604 1601 720 1654; x_wconf 85' lang='lat' dir='ltr'>absente</span> <span class='ocrx_word' id='word_1_105' title='bbox 734 1601 816 1656; x_wconf 90' lang='lat' dir='ltr'>nobis</span> <span class='ocrx_word' id='word_1_106' title='bbox 829 1619 880 1671; x_wconf 84' lang='lat' dir='ltr'>pro</span> <span class='ocrx_word' id='word_1_107' title='bbox 896 1601 1060 1656; x_wconf 75' lang='lat' dir='ltr'>absentibus</span> 
     </span>
     <span class='ocr_line' id='line_1_17' title="bbox 51 1668 1059 1743; baseline 0.006 -22"><span class='ocrx_word' id='word_1_108' title='bbox 51 1668 132 1723; x_wconf 89' lang='lat' dir='ltr'>uobis.</span> <span class='ocrx_word' id='word_1_109' title='bbox 170 1670 342 1742; x_wconf 88' lang='lat' dir='ltr'>Pomponius</span> <span class='ocrx_word' id='word_1_110' title='bbox 367 1671 397 1723; x_wconf 92' lang='lat' dir='ltr'>in</span> <span class='ocrx_word' id='word_1_111' title='bbox 423 1671 572 1742; x_wconf 80' lang='lat' dir='ltr'>Ergastulo</span> <span class='ocrx_word' id='word_1_112' title='bbox 601 1673 673 1743; x_wconf 90' lang='lat' dir='ltr'>[sine</span> <span class='ocrx_word' id='word_1_113' title='bbox 699 1689 765 1743; x_wconf 84' lang='lat' dir='ltr'>ergo</span> <span class='ocrx_word' id='word_1_114' title='bbox 791 1673 877 1728; x_wconf 85' lang='lat' dir='ltr'>istun:</span> <span class='ocrx_word' id='word_1_115' title='bbox 903 1691 950 1728; x_wconf 84' lang='lat' dir='ltr'>em.</span> <span class='ocrx_word' id='word_1_116' title='bbox 978 1675 1059 1729; x_wconf 74' lang='lat' dir='ltr'>Reos.</span> 
     </span>
     <span class='ocr_line' id='line_1_18' title="bbox 51 1739 1060 1814; baseline 0.005 -20"><span class='ocrx_word' id='word_1_117' title='bbox 51 1739 133 1794; x_wconf 79' lang='lat' dir='ltr'>SRP</span> <span class='ocrx_word' id='word_1_118' title='bbox 152 1741 184 1794; x_wconf 82' lang='lat'>1⁸</span> <span class='ocrx_word' id='word_1_119' title='bbox 202 1759 226 1796; x_wconf 89' lang='lat' dir='ltr'>o.</span> <span class='ocrx_word' id='word_1_120' title='bbox 241 1742 288 1814; x_wconf 82' lang='lat'>47]</span> <span class='ocrx_word' id='word_1_121' title='bbox 318 1743 477 1812; x_wconf 75' lang='lat' dir='ltr'>‘praesente</span> <span class='ocrx_word' id='word_1_122' title='bbox 500 1742 599 1796; x_wconf 83' lang='lat' dir='ltr'>amicis</span> <span class='ocrx_word' id='word_1_123' title='bbox 622 1743 696 1797; x_wconf 88' lang='lat' dir='ltr'>inter</span> <span class='ocrx_word' id='word_1_124' title='bbox 718 1761 816 1798; x_wconf 84' lang='lat' dir='ltr'>cenam</span> <span class='ocrx_word' id='word_1_125' title='bbox 840 1745 866 1798; x_wconf 90' lang='lat' dir='ltr'>d.</span> <span class='ocrx_word' id='word_1_126' title='bbox 891 1746 943 1812; x_wconf 86' lang='lat' dir='ltr'>o.’;</span> <span class='ocrx_word' id='word_1_127' title='bbox 971 1744 1060 1799; x_wconf 87' lang='lat' dir='ltr'>Varro</span> 
     </span>
     <span class='ocr_line' id='line_1_19' title="bbox 51 1809 1061 1887; baseline 0.008 -25"><span class='ocrx_word' id='word_1_128' title='bbox 51 1809 78 1862; x_wconf 89' lang='lat' dir='ltr'>in</span> <span class='ocrx_word' id='word_1_129' title='bbox 98 1811 230 1867; x_wconf 81' lang='lat' dir='ltr'>Marcello</span> <span class='ocrx_word' id='word_1_130' title='bbox 257 1813 307 1885; x_wconf 89' lang='lat' dir='ltr'>[ad</span> <span class='ocrx_word' id='word_1_131' title='bbox 331 1812 495 1868; x_wconf 85' lang='lat' dir='ltr'>Marcellum</span> <span class='ocrx_word' id='word_1_132' title='bbox 515 1816 686 1881; x_wconf 51' lang='lat' dir='ltr'>welenone</span> <span class='ocrx_word' id='word_1_133' title='bbox 718 1817 933 1887; x_wconf 79' lang='lat' dir='ltr'>lopietorieorwm</span> <span class='ocrx_word' id='word_1_134' title='bbox 960 1817 1061 1871; x_wconf 79' lang='lat' dir='ltr'>librom</span> 
     </span>
     <span class='ocr_line' id='line_1_20' title="bbox 53 1883 1060 1959; baseline 0.007 -23"><span class='ocrx_word' id='word_1_135' title='bbox 53 1883 199 1952; x_wconf 74' lang='lat' dir='ltr'>sipaifioari</span> <span class='ocrx_word' id='word_1_136' title='bbox 216 1891 297 1954; x_wconf 81' lang='lat' dir='ltr'>putot</span> <span class='ocrx_word' id='word_1_137' title='bbox 315 1885 426 1951; x_wconf 79' lang='lat' dir='ltr'>Sotooll,</span> <span class='ocrx_word' id='word_1_138' title='bbox 444 1887 490 1940; x_wconf 85' lang='lat' dir='ltr'>sed</span> <span class='ocrx_word' id='word_1_139' title='bbox 508 1887 543 1952; x_wconf 78' lang='lat' dir='ltr'>of.</span> <span class='ocrx_word' id='word_1_140' title='bbox 559 1888 667 1942; x_wconf 76' lang='lat' dir='ltr'>Ritsobl</span> <span class='ocrx_word' id='word_1_141' title='bbox 684 1903 726 1956; x_wconf 79' lang='lat' dir='ltr'>op.</span> <span class='ocrx_word' id='word_1_142' title='bbox 747 1891 772 1952; x_wconf 85' lang='lat'>3,</span> <span class='ocrx_word' id='word_1_143' title='bbox 787 1889 864 1959; x_wconf 76' lang='lat'><strong><em>407]:</em></strong></span> <span class='ocrx_word' id='word_1_144' title='bbox 884 1903 908 1942; x_wconf 77' lang='lat' dir='ltr'>ss</span> <span class='ocrx_word' id='word_1_145' title='bbox 922 1920 948 1927; x_wconf 96' lang='lat'>-</span> <span class='ocrx_word' id='word_1_146' title='bbox 962 1912 1060 1951; x_wconf 76' lang='lat' dir='ltr'>pronun—</span> 
     </span>
     <span class='ocr_line' id='line_1_21' title="bbox 54 1955 1061 2028; baseline 0.008 -23"><span class='ocrx_word' id='word_1_147' title='bbox 54 1965 94 2006; x_wconf 75' lang='lat' dir='ltr'>sss</span> <span class='ocrx_word' id='word_1_148' title='bbox 120 1955 237 2010; x_wconf 76' lang='lat' dir='ltr'>absente</span> <span class='ocrx_word' id='word_1_149' title='bbox 256 1955 338 2010; x_wconf 92' lang='lat' dir='ltr'>nobis</span> <span class='ocrx_word' id='word_1_150' title='bbox 358 1973 420 2010; x_wconf 86' lang='lat' dir='ltr'>cum</span> <span class='ocrx_word' id='word_1_151' title='bbox 440 1957 522 2024; x_wconf 79' lang='lat' dir='ltr'>dicit,</span> <span class='ocrx_word' id='word_1_152' title='bbox 545 1974 596 2025; x_wconf 88' lang='lat' dir='ltr'>pro</span> <span class='ocrx_word' id='word_1_153' title='bbox 614 1959 822 2027; x_wconf 77' lang='lat' dir='ltr'>praepositione</span> <span class='ocrx_word' id='word_1_154' title='bbox 845 1959 926 2028; x_wconf 89' lang='lat' dir='ltr'>ponit</span> <span class='ocrx_word' id='word_1_155' title='bbox 945 1959 1061 2013; x_wconf 75' lang='lat' dir='ltr'>absente</span> 
     </span>
     <span class='ocr_line' id='line_1_22' title="bbox 55 2025 1062 2098; baseline 0.008 -23"><span class='ocrx_word' id='word_1_156' title='bbox 55 2026 84 2076; x_wconf 90' lang='lat' dir='ltr'>ut</span> <span class='ocrx_word' id='word_1_157' title='bbox 99 2025 121 2078; x_wconf 91' lang='lat' dir='ltr'>si</span> <span class='ocrx_word' id='word_1_158' title='bbox 138 2027 247 2082; x_wconf 81' lang='lat' dir='ltr'>diceret</span> <span class='ocrx_word' id='word_1_159' title='bbox 267 2027 372 2081; x_wconf 83' lang='lat' dir='ltr'>‘eoram</span> <span class='ocrx_word' id='word_1_160' title='bbox 391 2027 509 2082; x_wconf 82' lang='lat' dir='ltr'>amicis&#39;.</span> <span class='ocrx_word' id='word_1_161' title='bbox 546 2029 620 2083; x_wconf 82' lang='lat' dir='ltr'>Noa.</span> <span class='ocrx_word' id='word_1_162' title='bbox 636 2047 666 2098; x_wconf 80' lang='lat' dir='ltr'>p.</span> <span class='ocrx_word' id='word_1_163' title='bbox 683 2034 777 2096; x_wconf 81' lang='lat'><em>76,15</em></span> <span class='ocrx_word' id='word_1_164' title='bbox 796 2030 914 2085; x_wconf 80' lang='lat' dir='ltr'>absente</span> <span class='ocrx_word' id='word_1_165' title='bbox 932 2030 1013 2085; x_wconf 87' lang='lat' dir='ltr'>nobis</span> <span class='ocrx_word' id='word_1_166' title='bbox 1033 2032 1062 2084; x_wconf 90' lang='lat' dir='ltr'>et</span> 
     </span>
     <span class='ocr_line' id='line_1_23' title="bbox 56 2098 1060 2170; baseline 0.006 -22"><span class='ocrx_word' id='word_1_167' title='bbox 56 2100 192 2162; x_wconf 76' lang='lat' dir='ltr'>praesente</span> <span class='ocrx_word' id='word_1_168' title='bbox 215 2098 311 2166; x_wconf 78' lang='lat' dir='ltr'>nobis,</span> <span class='ocrx_word' id='word_1_169' title='bbox 337 2115 386 2168; x_wconf 88' lang='lat' dir='ltr'>pro</span> <span class='ocrx_word' id='word_1_170' title='bbox 410 2099 574 2154; x_wconf 84' lang='lat' dir='ltr'>absentibus</span> <span class='ocrx_word' id='word_1_171' title='bbox 598 2101 678 2154; x_wconf 89' lang='lat' dir='ltr'>nobis</span> <span class='ocrx_word' id='word_1_172' title='bbox 703 2103 732 2154; x_wconf 89' lang='lat' dir='ltr'>et</span> <span class='ocrx_word' id='word_1_173' title='bbox 752 2102 948 2170; x_wconf 85' lang='lat' dir='ltr'>praesentibus</span> <span class='ocrx_word' id='word_1_174' title='bbox 971 2101 1060 2156; x_wconf 91' lang='lat' dir='ltr'>nobis.</span> 
     </span>
     <span class='ocr_line' id='line_1_24' title="bbox 56 2163 1061 2244; baseline 0.009 -28"><span class='ocrx_word' id='word_1_175' title='bbox 56 2163 161 2224; x_wconf 82' lang='lat' dir='ltr'>Plautus</span> <span class='ocrx_word' id='word_1_176' title='bbox 167 2168 373 2240; x_wconf 76' lang='lat' dir='ltr'>Amphitryone</span> <span class='ocrx_word' id='word_1_177' title='bbox 381 2170 446 2242; x_wconf 80' lang='lat'><strong><em>[400</em></strong></span> <span class='ocrx_word' id='word_1_178' title='bbox 453 2179 485 2226; x_wconf 81' lang='lat' dir='ltr'>ut</span> <span class='ocrx_word' id='word_1_179' title='bbox 494 2171 564 2226; x_wconf 82' lang='lat' dir='ltr'>vidit</span> <span class='ocrx_word' id='word_1_180' title='bbox 571 2172 762 2244; x_wconf 59' lang='lat' dir='ltr'>[Sottoeoert</span> <span class='ocrx_word' id='word_1_181' title='bbox 773 2173 923 2227; x_wconf 77' lang='lat' dir='ltr'>‘neonobis</span> <span class='ocrx_word' id='word_1_182' title='bbox 931 2189 1061 2243; x_wconf 84' lang='lat' dir='ltr'>praesen-</span> 
     </span>
     <span class='ocr_line' id='line_1_25' title="bbox 57 2237 1061 2368; baseline 0.007 -77"><span class='ocrx_word' id='word_1_183' title='bbox 57 2237 106 2291; x_wconf 78' lang='lat' dir='ltr'>test</span> <span class='ocrx_word' id='word_1_184' title='bbox 121 2240 425 2368; x_wconf 42' lang='lat' dir='ltr'>[aliquiskquisqnsm</span> <span class='ocrx_word' id='word_1_185' title='bbox 444 2242 499 2296; x_wconf 90' lang='lat' dir='ltr'>nisi</span> <span class='ocrx_word' id='word_1_186' title='bbox 521 2259 583 2312; x_wconf 81' lang='lat' dir='ltr'>ego,</span> <span class='ocrx_word' id='word_1_187' title='bbox 607 2259 700 2298; x_wconf 85' lang='lat' dir='ltr'>servus</span> <span class='ocrx_word' id='word_1_188' title='bbox 725 2243 826 2298; x_wconf 85' lang='lat' dir='ltr'>Sosia’.</span> <span class='ocrx_word' id='word_1_189' title='bbox 851 2244 982 2299; x_wconf 76' lang='lat' dir='ltr'>Afranius</span> <span class='ocrx_word' id='word_1_190' title='bbox 1005 2245 1061 2298; x_wconf 84' lang='lat' dir='ltr'>Au-</span> 
     </span>
     <span class='ocr_line' id='line_1_26' title="bbox 59 2308 1061 2385; baseline 0.009 -25"><span class='ocrx_word' id='word_1_191' title='bbox 59 2308 139 2364; x_wconf 83' lang='lat' dir='ltr'>ctione</span> <span class='ocrx_word' id='word_1_192' title='bbox 155 2313 191 2384; x_wconf 78' lang='lat' dir='ltr'>[o.</span> <span class='ocrx_word' id='word_1_193' title='bbox 208 2317 226 2366; x_wconf 91' lang='grc'><strong><em>6</em></strong></span> <span class='ocrx_word' id='word_1_194' title='bbox 264 2311 356 2384; x_wconf 74' lang='lat' dir='ltr'>sbb.⁸]:</span> <span class='ocrx_word' id='word_1_195' title='bbox 377 2313 494 2380; x_wconf 62' lang='lat' dir='ltr'>‘adeste</span> <span class='ocrx_word' id='word_1_196' title='bbox 514 2313 537 2367; x_wconf 88' lang='lat' dir='ltr'>si</span> <span class='ocrx_word' id='word_1_197' title='bbox 553 2313 599 2367; x_wconf 91' lang='lat' dir='ltr'>hio</span> <span class='ocrx_word' id='word_1_198' title='bbox 613 2314 728 2367; x_wconf 84' lang='lat' dir='ltr'>absente</span> <span class='ocrx_word' id='word_1_199' title='bbox 743 2315 824 2369; x_wconf 89' lang='lat' dir='ltr'>nobis</span> <span class='ocrx_word' id='word_1_200' title='bbox 839 2315 958 2369; x_wconf 84' lang='lat' dir='ltr'>venierit</span> <span class='ocrx_word' id='word_1_201' title='bbox 971 2316 1061 2385; x_wconf 84' lang='lat' dir='ltr'>puer’.</span> 
     </span>
    </p>
   </div>
   <div class='ocr_carea' id='block_1_6' title="bbox 56 2377 1062 2522">
    <p class='ocr_par' dir='ltr' id='par_1_7' title="bbox 56 2377 1062 2522">
     <span class='ocr_line' id='line_1_27' title="bbox 56 2377 1062 2454; baseline 0.008 -20"><span class='ocrx_word' id='word_1_202' title='bbox 56 2377 132 2436; x_wconf 69' lang='lat' dir='ltr'>soen.</span> <span class='ocrx_word' id='word_1_203' title='bbox 151 2385 209 2438; x_wconf 74' lang='lat' dir='ltr'>Ter.</span> <span class='ocrx_word' id='word_1_204' title='bbox 223 2401 250 2452; x_wconf 80' lang='lat' dir='ltr'>p.</span> <span class='ocrx_word' id='word_1_205' title='bbox 268 2388 380 2450; x_wconf 85' lang='lat'><strong><em>106,19</em></strong></span> <span class='ocrx_word' id='word_1_206' title='bbox 398 2385 494 2440; x_wconf 67' lang='lat' dir='ltr'>Setia</span> <span class='ocrx_word' id='word_1_207' title='bbox 516 2384 601 2440; x_wconf 76' lang='lat' dir='ltr'>coe</span> <span class='ocrx_word' id='word_1_208' title='bbox 618 2387 716 2452; x_wconf 85' lang='lat' dir='ltr'><strong><em>V531,</em></strong></span> <span class='ocrx_word' id='word_1_209' title='bbox 730 2391 775 2440; x_wconf 83' lang='lat'>23.</span> <span class='ocrx_word' id='word_1_210' title='bbox 796 2391 860 2453; x_wconf 79' lang='lat' dir='ltr'>see,</span> <span class='ocrx_word' id='word_1_211' title='bbox 875 2391 918 2441; x_wconf 79' lang='lat'>32.</span> <span class='ocrx_word' id='word_1_212' title='bbox 942 2389 976 2454; x_wconf 76' lang='lat' dir='ltr'>ef.</span> <span class='ocrx_word' id='word_1_213' title='bbox 988 2389 1062 2453; x_wconf 67' lang='lat' dir='ltr'>Birt,</span> 
     </span>
     <span class='ocr_line' id='line_1_28' title="bbox 59 2449 339 2522; baseline 0.011 -18"><span class='ocrx_word' id='word_1_214' title='bbox 59 2449 339 2522; x_wconf 60' lang='lat' dir='ltr'>mmmm</span> 
     </span>
    </p>
   </div>
   <div class='ocr_carea' id='block_1_7' title="bbox 120 2542 814 2616">
    <p class='ocr_par' dir='ltr' id='par_1_8' title="bbox 120 2542 814 2616">
     <span class='ocr_line' id='line_1_29' title="bbox 120 2542 814 2616; baseline 0.006 -19"><span class='ocrx_word' id='word_1_215' title='bbox 120 2542 253 2598; x_wconf 81' lang='lat' dir='ltr'>exercitui</span> <span class='ocrx_word' id='word_1_216' title='bbox 269 2544 433 2612; x_wconf 69' lang='lat' dir='ltr'>Wlsaooma</span> <span class='ocrx_word' id='word_1_217' title='bbox 451 2545 498 2600; x_wconf 78' lang='lat' dir='ltr'>sed</span> <span class='ocrx_word' id='word_1_218' title='bbox 515 2545 550 2612; x_wconf 79' lang='lat' dir='ltr'>of.</span> <span class='ocrx_word' id='word_1_219' title='bbox 571 2546 656 2601; x_wconf 79' lang='lat' dir='ltr'>Prs&#39;so.</span> <span class='ocrx_word' id='word_1_220' title='bbox 673 2564 703 2616; x_wconf 87' lang='lat' dir='ltr'>p.</span> <span class='ocrx_word' id='word_1_221' title='bbox 719 2550 781 2613; x_wconf 85' lang='lat'><strong><em>363,</em></strong></span> <span class='ocrx_word' id='word_1_222' title='bbox 796 2552 814 2602; x_wconf 85' lang='lat'><strong><em>6</em></strong></span> 
     </span>
    </p>
   </div>
   <div class='ocr_carea' id='block_1_8' title="bbox 117 2690 1062 2882">
    <p class='ocr_par' dir='ltr' id='par_1_9' title="bbox 117 2690 1062 2882">
     <span class='ocr_line' id='line_1_30' title="bbox 486 2697 610 2755; baseline 0.008 -1"><span class='ocrx_word' id='word_1_223' title='bbox 486 2698 529 2754; x_wconf 81' lang='grc'>48</span> <span class='ocrx_word' id='word_1_224' title='bbox 566 2697 610 2755; x_wconf 87' lang='grc'>85</span> 
     </span>
     <span class='ocr_line' id='line_1_31' title="bbox 117 2690 1062 2882; baseline 0.005 -23"><span class='ocrx_word' id='word_1_225' title='bbox 117 2799 244 2860; x_wconf 87' lang='lat' dir='ltr'>iterum</span> <span class='ocrx_word' id='word_1_226' title='bbox 269 2820 308 2860; x_wconf 84' lang='lat' dir='ltr'>ex</span> <span class='ocrx_word' id='word_1_227' title='bbox 330 2802 430 2880; x_wconf 82' lang='lat' dir='ltr'>gallo</span> <span class='ocrx_word' id='word_1_228' title='bbox 457 2690 662 2880; x_wconf 59' lang='lat' dir='ltr'>gallibaobo</span> <span class='ocrx_word' id='word_1_229' title='bbox 692 2809 851 2867; x_wconf 77' lang='lat' dir='ltr'>castrato</span> <span class='ocrx_word' id='word_1_230' title='bbox 875 2805 922 2865; x_wconf 81' lang='lat' dir='ltr'>fit</span> <span class='ocrx_word' id='word_1_231' title='bbox 944 2825 1062 2882; x_wconf 89' lang='lat' dir='ltr'>oapus.</span> 
     </span>
    </p>
   </div>
   <div class='ocr_carea' id='block_1_9' title="bbox 63 2899 1064 3185">
    <p class='ocr_par' dir='ltr' id='par_1_10' title="bbox 63 2899 1064 3185">
     <span class='ocr_line' id='line_1_32' title="bbox 77 2899 1063 2976; baseline 0.002 -21"><span class='ocrx_word' id='word_1_232' title='bbox 77 2964 82 2976; x_wconf 33' lang='grc' dir='ltr'>ι</span> <span class='ocrx_word' id='word_1_233' title='bbox 123 2899 200 2956; x_wconf 69' lang='lat' dir='ltr'>ota.</span> <span class='ocrx_word' id='word_1_234' title='bbox 217 2904 375 2969; x_wconf 77' lang='lat' dir='ltr'>p.103,26</span> <span class='ocrx_word' id='word_1_235' title='bbox 393 2902 437 2970; x_wconf 84' lang='lat'>(=</span> <span class='ocrx_word' id='word_1_236' title='bbox 452 2902 526 2956; x_wconf 75' lang='lat' dir='ltr'>Pto.</span> <span class='ocrx_word' id='word_1_237' title='bbox 546 2903 609 2957; x_wconf 77' lang='lat' dir='ltr'>dab.</span> <span class='ocrx_word' id='word_1_238' title='bbox 628 2921 705 2958; x_wconf 75' lang='lat' dir='ltr'>seraa</span> <span class='ocrx_word' id='word_1_239' title='bbox 722 2921 752 2973; x_wconf 81' lang='lat' dir='ltr'>p.</span> <span class='ocrx_word' id='word_1_240' title='bbox 767 2909 812 2971; x_wconf 87' lang='grc'>56,</span> <span class='ocrx_word' id='word_1_241' title='bbox 828 2905 914 2975; x_wconf 80' lang='grc' dir='ltr'>ΙΟΒ.)</span> <span class='ocrx_word' id='word_1_242' title='bbox 933 2921 1002 2974; x_wconf 89' lang='lat' dir='ltr'>oapo</span> <span class='ocrx_word' id='word_1_243' title='bbox 1021 2904 1063 2957; x_wconf 90' lang='lat' dir='ltr'>di-</span> 
     </span>
     <span class='ocr_line' id='line_1_33' title="bbox 63 2968 1064 3040; baseline 0.011 -21"><span class='ocrx_word' id='word_1_244' title='bbox 63 2968 124 3022; x_wconf 69' lang='lat' dir='ltr'>eitur</span> <span class='ocrx_word' id='word_1_245' title='bbox 140 2987 225 3038; x_wconf 86' lang='lat' dir='ltr'>nuno,</span> <span class='ocrx_word' id='word_1_246' title='bbox 245 2971 294 3025; x_wconf 87' lang='lat' dir='ltr'>sed</span> <span class='ocrx_word' id='word_1_247' title='bbox 313 2971 400 3028; x_wconf 82' lang='lat' dir='ltr'>Varro</span> <span class='ocrx_word' id='word_1_248' title='bbox 420 2972 455 3026; x_wconf 86' lang='lat' dir='ltr'>de</span> <span class='ocrx_word' id='word_1_249' title='bbox 478 2991 605 3029; x_wconf 88' lang='lat' dir='ltr'>sermone</span> <span class='ocrx_word' id='word_1_250' title='bbox 624 2974 737 3030; x_wconf 83' lang='lat' dir='ltr'>Latino:</span> <span class='ocrx_word' id='word_1_251' title='bbox 761 2989 841 3031; x_wconf 72' lang='lat' dir='ltr'>inrum</span> <span class='ocrx_word' id='word_1_252' title='bbox 861 2976 902 3030; x_wconf 87' lang='lat' dir='ltr'>ait</span> <span class='ocrx_word' id='word_1_253' title='bbox 920 3001 949 3030; x_wconf 77' lang='lat' dir='ltr'>ex</span> <span class='ocrx_word' id='word_1_254' title='bbox 963 2991 1023 3040; x_wconf 64' lang='lat' dir='ltr'>geno</span> <span class='ocrx_word' id='word_1_255' title='bbox 1037 3007 1064 3016; x_wconf 93' lang='lat'><em>-</em></span> 
     </span>
     <span class='ocr_line' id='line_1_34' title="bbox 64 3044 1064 3115; baseline 0.001 -15"><span class='ocrx_word' id='word_1_256' title='bbox 64 3060 126 3100; x_wconf 72' lang='lat' dir='ltr'>anns</span> <span class='ocrx_word' id='word_1_257' title='bbox 159 3044 240 3098; x_wconf 85' lang='lat' dir='ltr'>Beda</span> <span class='ocrx_word' id='word_1_258' title='bbox 254 3044 320 3099; x_wconf 75' lang='lat' dir='ltr'>ortt.</span> <span class='ocrx_word' id='word_1_259' title='bbox 332 3061 361 3112; x_wconf 79' lang='lat' dir='ltr'>p.</span> <span class='ocrx_word' id='word_1_260' title='bbox 376 3048 441 3110; x_wconf 81' lang='lat'><strong><em>266,</em></strong></span> <span class='ocrx_word' id='word_1_261' title='bbox 455 3048 492 3099; x_wconf 80' lang='lat'>28</span> <span class='ocrx_word' id='word_1_262' title='bbox 513 3061 582 3114; x_wconf 89' lang='lat' dir='ltr'>oapo</span> <span class='ocrx_word' id='word_1_263' title='bbox 602 3054 688 3115; x_wconf 75' lang='lat' dir='ltr'>nuno¹</span> <span class='ocrx_word' id='word_1_264' title='bbox 709 3047 758 3100; x_wconf 88' lang='lat' dir='ltr'>sed</span> <span class='ocrx_word' id='word_1_265' title='bbox 778 3047 864 3102; x_wconf 85' lang='lat' dir='ltr'>Varro</span> <span class='ocrx_word' id='word_1_266' title='bbox 884 3047 919 3101; x_wconf 85' lang='lat' dir='ltr'>de</span> <span class='ocrx_word' id='word_1_267' title='bbox 938 3063 1064 3101; x_wconf 85' lang='lat' dir='ltr'>sermone</span> 
     </span>
     <span class='ocr_line' id='line_1_35' title="bbox 64 3105 870 3185; baseline 0.005 -19"><span class='ocrx_word' id='word_1_268' title='bbox 64 3105 150 3168; x_wconf 62' lang='lat' dir='ltr'>bibino</span> <span class='ocrx_word' id='word_1_269' title='bbox 169 3114 223 3169; x_wconf 65' lang='lat' dir='ltr'>ait:</span> <span class='ocrx_word' id='word_1_270' title='bbox 242 3140 272 3169; x_wconf 85' lang='lat' dir='ltr'>ex</span> <span class='ocrx_word' id='word_1_271' title='bbox 285 3130 346 3179; x_wconf 70' lang='lat' dir='ltr'>gallo</span> <span class='ocrx_word' id='word_1_272' title='bbox 359 3146 386 3155; x_wconf 93' lang='grc'>-</span> <span class='ocrx_word' id='word_1_273' title='bbox 399 3141 473 3179; x_wconf 80' lang='lat' dir='ltr'>ospus.</span> <span class='ocrx_word' id='word_1_274' title='bbox 505 3118 539 3183; x_wconf 73' lang='lat' dir='ltr'>cf.</span> <span class='ocrx_word' id='word_1_275' title='bbox 557 3118 644 3173; x_wconf 77' lang='lat' dir='ltr'><em>Varro</em></span> <span class='ocrx_word' id='word_1_276' title='bbox 662 3137 684 3173; x_wconf 73' lang='lat' dir='ltr'>r.</span> <span class='ocrx_word' id='word_1_277' title='bbox 704 3137 726 3174; x_wconf 81' lang='lat' dir='ltr'>r.</span> <span class='ocrx_word' id='word_1_278' title='bbox 745 3123 813 3185; x_wconf 80' lang='lat'><em>2,7,</em></span> <span class='ocrx_word' id='word_1_279' title='bbox 830 3123 870 3172; x_wconf 87' lang='lat'>15.</span> 
     </span>
    </p>
   </div>
   <div class='ocr_carea' id='block_1_10' title="bbox 234 3325 879 3384">
    <p class='ocr_par' dir='ltr' id='par_1_11' title="bbox 234 3325 879 3384">
     <span class='ocr_line' id='line_1_36' title="bbox 234 3325 879 3384; baseline 0.005 -3"><span class='ocrx_word' id='word_1_280' title='bbox 234 3325 518 3382; x_wconf 81' lang='lat' dir='ltr'><strong>DISCIPLINARUM</strong></span> <span class='ocrx_word' id='word_1_281' title='bbox 536 3329 549 3382; x_wconf 94' lang='lat' dir='ltr'>I</span> <span class='ocrx_word' id='word_1_282' title='bbox 567 3329 616 3383; x_wconf 85' lang='lat' dir='ltr'>DE</span> <span class='ocrx_word' id='word_1_283' title='bbox 635 3328 879 3384; x_wconf 78' lang='lat' dir='ltr'><strong>GRAMMATIOA</strong></span> 
     </span>
    </p>
   </div>
   <div class='ocr_carea' id='block_1_11' title="bbox 68 3453 1065 3670">
    <p class='ocr_par' dir='ltr' id='par_1_12' title="bbox 68 3453 1065 3670">
     <span class='ocr_line' id='line_1_37' title="bbox 123 3453 1064 3524; baseline 0.005 -18"><span class='ocrx_word' id='word_1_284' title='bbox 123 3453 242 3519; x_wconf 74' lang='lat' dir='ltr'>primm</span> <span class='ocrx_word' id='word_1_285' title='bbox 264 3453 352 3508; x_wconf 76' lang='lat' dir='ltr'>losum</span> <span class='ocrx_word' id='word_1_286' title='bbox 373 3457 581 3524; x_wconf 61' lang='lat' dir='ltr'>grammaticam</span> <span class='ocrx_word' id='word_1_287' title='bbox 603 3457 635 3509; x_wconf 80' lang='lat' dir='ltr'>ia</span> <span class='ocrx_word' id='word_1_288' title='bbox 653 3456 876 3524; x_wconf 61' lang='lat' dir='ltr'>Disciplinarum</span> <span class='ocrx_word' id='word_1_289' title='bbox 899 3457 977 3511; x_wconf 78' lang='lat' dir='ltr'>tibris</span> <span class='ocrx_word' id='word_1_290' title='bbox 996 3456 1064 3511; x_wconf 83' lang='lat' dir='ltr'>obti-</span> 
     </span>
     <span class='ocr_line' id='line_1_38' title="bbox 68 3520 1065 3600; baseline 0.004 -22"><span class='ocrx_word' id='word_1_291' title='bbox 68 3520 152 3600; x_wconf 61' lang='lat' dir='ltr'>naen,</span> <span class='ocrx_word' id='word_1_292' title='bbox 169 3531 271 3579; x_wconf 67' lang='lat' dir='ltr'>mam</span> <span class='ocrx_word' id='word_1_293' title='bbox 290 3532 329 3578; x_wconf 81' lang='lat' dir='ltr'>ost</span> <span class='ocrx_word' id='word_1_294' title='bbox 350 3525 468 3592; x_wconf 82' lang='lat' dir='ltr'>(Ritsobl</span> <span class='ocrx_word' id='word_1_295' title='bbox 485 3543 528 3595; x_wconf 86' lang='lat' dir='ltr'>op.</span> <span class='ocrx_word' id='word_1_296' title='bbox 548 3530 573 3592; x_wconf 88' lang='lat'>3,</span> <span class='ocrx_word' id='word_1_297' title='bbox 588 3530 642 3580; x_wconf 87' lang='lat'>353</span> <span class='ocrx_word' id='word_1_298' title='bbox 651 3529 714 3595; x_wconf 68' lang='lat' dir='ltr'>so),</span> <span class='ocrx_word' id='word_1_299' title='bbox 736 3544 821 3596; x_wconf 80' lang='lat' dir='ltr'>aequo</span> <span class='ocrx_word' id='word_1_300' title='bbox 839 3527 964 3583; x_wconf 75' lang='lat' dir='ltr'>debitori</span> <span class='ocrx_word' id='word_1_301' title='bbox 978 3534 1065 3597; x_wconf 79' lang='lat' dir='ltr'>potest</span> 
     </span>
     <span class='ocr_line' id='line_1_39' title="bbox 69 3595 1065 3670; baseline -0.002 -16"><span class='ocrx_word' id='word_1_302' title='bbox 69 3603 125 3654; x_wconf 65' lang='grc' dir='ltr'><em>Μ</em></span> <span class='ocrx_word' id='word_1_303' title='bbox 139 3595 169 3649; x_wconf 75' lang='lat' dir='ltr'>ia</span> <span class='ocrx_word' id='word_1_304' title='bbox 185 3596 235 3652; x_wconf 83' lang='lat' dir='ltr'>boo</span> <span class='ocrx_word' id='word_1_305' title='bbox 247 3595 317 3651; x_wconf 66' lang='lat' dir='ltr'>libro</span> <span class='ocrx_word' id='word_1_306' title='bbox 338 3597 424 3652; x_wconf 79' lang='lat' dir='ltr'>Varro</span> <span class='ocrx_word' id='word_1_307' title='bbox 443 3603 526 3652; x_wconf 85' lang='lat' dir='ltr'>totam</span> <span class='ocrx_word' id='word_1_308' title='bbox 544 3601 753 3670; x_wconf 77' lang='lat' dir='ltr'>prommotioam</span> <span class='ocrx_word' id='word_1_309' title='bbox 770 3605 864 3666; x_wconf 76' lang='lat' dir='ltr'>ortem,</span> <span class='ocrx_word' id='word_1_310' title='bbox 883 3606 1016 3669; x_wconf 73' lang='lat' dir='ltr'>quaestam</span> <span class='ocrx_word' id='word_1_311' title='bbox 1034 3601 1065 3653; x_wconf 80' lang='lat' dir='ltr'>ia</span> 
     </span>
    </p>
   </div>
   <div class='ocr_carea' id='block_1_12' title="bbox 0 0 1263 3902">
    <p class='ocr_par' dir='ltr' id='par_1_13' title="bbox 0 0 1263 3902">
     <span class='ocr_line' id='line_1_40' title="bbox 0 0 1263 3902; baseline 0 0"><span class='ocrx_word' id='word_1_312' title='bbox 0 0 1263 3902; x_wconf 95' lang='lat' dir='ltr'> </span> 
     </span>
    </p>
   </div>
  </div>
 </body>
</html>
