2444 3902
153 175 221 241 242
304 175 512 230 Grammatiaae
531 175 633 230 aetatis
652 174 844 230 Varronianae
862 175 1021 246 fragmenta

517 345 579 402 555
607 337 803 423 [ursus]
833 387 834 392 5

217 461 313 519 sieut
340 461 456 519 losum
479 462 515 518 iu
539 479 606 536 quo
629 460 790 536 figerent
813 459 1013 528 candelam,
1042 459 1152 519 caude·
1199 474 1204 483 ·

148 549 291 608 labrum
324 549 564 626 appellatum,
595 549 650 607 ita
681 551 718 606 in
751 568 818 624 quo
851 549 952 608 deum
984 553 1155 626 ponerent,

148 639 373 698 nominatum
396 637 591 697 delubrum.

222 738 349 792 Maerob.
365 740 392 803 3,
406 739 465 803 4,2
482 735 571 790 Varro
590 735 663 790 libro
682 740 700 802 †
719 739 817 790 octavo
835 751 929 790 rerum
948 736 1102 790 divinarum
1119 736 1155 788 de-

148 808 261 863 lubrum
283 808 325 862 ait
345 807 415 862 alios
434 807 592 873 aestimare,
612 807 642 860 in
660 823 716 874 quo
735 809 847 876 praeter
866 808 965 863 aedem
984 809 1022 862 sit
1040 825 1103 862 area
1118 807 1155 860 ad·
1206 807 1207 856 ἓ

149 881 369 1017 :lastis
388 878 1031 1006 ss‘ssrtrfflralsrrsss
1045 877 1156 1004 aa
1206 895 1207 919 ³

148 1038 207 1078 uene
219 1055 247 1062 —
261 1037 384 1077 delubrum.
405 1022 479 1077 Serv.
494 1022 571 1077 Dara.
588 1022 657 1076 Aea.
672 1025 700 1088 2,
713 1026 770 1077 225
783 1021 873 1076 Varro
888 1023 983 1076 autem
996 1039 1088 1076 rerum
1101 1019 1156 1072 divi·

149 1112 249 1148 narum
268 1093 341 1147 libro
360 1098 379 1160 †
397 1092 461 1146 XIX
481 1092 631 1147 delubrum
650 1109 710 1146 esse
732 1092 802 1146 dicit
821 1095 871 1147 aut
889 1093 939 1148 ubi
957 1092 1040 1161 plura
1057 1092 1156 1146 numius
1208 1127 1209 1160 3

150 1163 202 1218 sub
221 1182 277 1220 uuo
295 1166 372 1219 testo
392 1167 465 1232 sunt,
484 1166 517 1217 ut
531 1162 713 1233 Capitolium,
733 1166 782 1217 aut
799 1163 850 1218 ubi
868 1165 981 1233 praeter
995 1165 1092 1218 aedem
1106 1178 1157 1216 arsa
1208 1163 1209 1212 l

151 1237 189 1290 rit
212 1236 363 1304 adsumpta
387 1237 470 1290 deum
493 1252 591 1303 eausa,
615 1237 647 1289 ut
671 1236 700 1288 in
725 1236 798 1288 eirea
818 1234 957 1289 Flaminio
979 1235 1039 1289 Iovi
1059 1233 1156 1295 Statori,

153 1310 202 1361 aut
221 1308 251 1360 in
271 1323 326 1375 quo
345 1306 406 1361 loeo
426 1307 472 1360 dei
491 1307 617 1360 dicatum
636 1306 674 1360 sit
688 1305 876 1372 simulacrum,
894 1308 927 1360 ut
941 1307 1059 1379 (sieut)
1073 1307 1101 1360 in
1113 1319 1156 1372 quo

150 1379 241 1449 figunt
260 1377 416 1444 caudelam,
435 1377 635 1432 candelabrum
654 1377 815 1447 appellant,
834 1378 875 1431 sia
898 1378 928 1431 in
947 1394 1003 1445 quo
1022 1380 1104 1432 deum
1119 1391 1156 1444 pu

152 1452 232 1516 nunt,
252 1449 399 1503 delubrum
414 1449 519 1503 disant.
535 1481 569 1490 —
584 1449 724 1502 Masurius
738 1447 859 1503 Sabinus
879 1448 1036 1517 delubrum
1055 1447 1157 1518 effigia,

151 1539 168 1575 a
191 1520 377 1575 delibratioue
404 1520 529 1585 corticis3
554 1536 622 1573 uam
645 1520 755 1588 antiqui
774 1519 900 1574 felicium
928 1521 1060 1575 arborum
1081 1535 1158 1573 nuos

152 1592 257 1647 cortice
283 1593 410 1646 detracto
436 1591 465 1644 in
491 1591 601 1660 effigies
627 1591 743 1646 (leonum
768 1590 940 1654 formabant,
974 1592 1050 1647 unde
1074 1588 1158 1662 Graeci

151 1663 256 1730 ξόανον
276 1663 381 1716 dieunt.
402 1662 453 1716 alii
472 1662 622 1716 delubrum
641 1663 740 1716 dicunt
758 1662 896 1732 templum
915 1664 950 1716 ab
966 1680 999 1717 eo
1013 1663 1087 1731 quod
1100 1659 1158 1716 nulli

151 1735 280 1790 iunctum
298 1734 429 1788 aedificio
448 1733 545 1803 pluvia
564 1733 698 1787 diluatur.
775 1736 840 1788 haee
858 1737 890 1789 ia
908 1737 978 1789 labro
996 1743 1070 1790 sexto
1087 1736 1160 1801 tasse

150 1813 220 1862 reete
242 1807 350 1860 uidetur
372 1807 500 1861 statuisse
519 1805 637 1871 Merkel,
651 1807 724 1874 prol.
744 1806 782 1858 ad
803 1805 879 1860 Ouid.
898 1808 964 1872 sust.
982 1824 1008 1875 p.
1031 1803 1158 1861 CXXIII.

152 1879 186 1945 ef.
209 1876 363 1946 aarum,
383 1878 416 1930 de
435 1877 516 1930 Varr.
536 1879 623 1945 antiq.
642 1893 694 1931 rer.
712 1878 785 1930 bum.
804 1878 862 1931 rell.
882 1895 913 1946 p.
933 1883 958 1931 6.
985 1877 1018 1932 de
1035 1877 1122 1932 eadem
1138 1891 1160 1927 re

43 1959 47 1966 '
151 1951 187 2017 cf.
208 1949 327 2004 Obrutus.
346 1948 382 2015 fr.
399 1953 442 2002 16.
471 1949 553 2002 Paul.
573 1948 646 2002 Fest.
663 1965 692 2016 p.
710 1951 792 2013 73,1.

495 2099 560 2157 155
584 2092 683 2176 [ΧΠ
702 2099 742 2156 55
756 2092 828 2177 Aa]

221 2223 342 2282 domum
372 2225 417 2281 est
448 2222 582 2281 ducenda
612 2242 688 2297 quae
717 2222 820 2297 nubit,
853 2222 1011 2281 adhibetur
1040 2227 1070 2282 et
1098 2222 1160 2279 deus

154 2313 353 2387 Domidueus3
380 2314 415 2370 ut
437 2313 469 2371 in
492 2312 581 2370 domo
604 2312 652 2386 sit,
675 2311 835 2370 adhibetur
857 2311 930 2370 deus
952 2311 1114 2386 Domitius3
1134 2313 1162 2365 ut

153 2404 274 2462 maneat
297 2420 364 2460 erim
387 2403 462 2476 viro,
485 2400 605 2459 additur
628 2401 683 2460 dea
705 2392 875 2459 Mantur‘ua.

230 2503 343 2571 45595555.
352 2502 401 2555 eiu.
409 2501 435 2554 d.
445 2504 471 2566 6,
482 2503 499 2554 9
509 2498 558 2554 sed
569 2514 659 2554 somam
669 2532 696 2539 -
705 2514 832 2553 Mantum.
847 2500 882 2566 cf.
897 2501 966 2554 Ταῦ.
978 2500 1016 2553 ad
1025 2508 1082 2554 aut.
1092 2503 1116 2564 2,
1126 2501 1161 2550 11.

580 2652 645 2710 156
674 2645 744 2730 [21]

222 2773 315 2856 <deus
347 2778 394 2834 est
425 2771 543 2854 dietus>
572 2780 602 2835 et
634 2775 671 2834 ab
704 2775 797 2834 effatu
827 2775 953 2833 Farinus
987 2779 1018 2834 et
1050 2774 1123 2833 alius
1149 2788 1163 2827 a

155 2861 324 2945 le<quendo
347 2859 518 2942 Leontius).

156 3045 181 3092 et
198 3038 216 3103 f
232 2964 350 3091 ΤΙαὲἑαά
362 2961 812 3034 aet.2,11<deu=>-<uoouau=>.
831 2963 866 3029 uf.
877 2963 966 3017 Vane
980 2963 1013 3016 de
1028 2963 1045 3017 l.
1056 2963 1088 3016 L.
1101 2965 1125 3025 6,
1134 2961 1164 3012 52

212 3055 234 3091 r.
305 3077 312 3090 .

231 3149 244 3195 1
266 3142 293 3195 d.
312 3144 356 3195 est
375 3141 466 3196 dietus
488 3141 582 3196 Oabler
674 3140 751 3195 aliis:
770 3158 818 3195 em.
835 3141 968 3196 Wissowa
986 3141 1055 3194 Aius
1075 3135 1164 3195 Hane

158 3220 173 3267 2
193 3214 248 3281 loq.
268 3214 331 3267 Loc.
350 3215 440 3283 suppl.
459 3213 581 3280 Gotlwfr.
604 3211 698 3267 Oebler

548 3364 618 3422 157
642 3357 707 3442 [41.
733 3357 791 3442 se]

225 3477 391 3536 invocanda
413 3481 536 3553 propter
558 3479 651 3538 fessos
674 3478 745 3537 diva
767 3480 906 3553 Fessonu,
930 3481 1054 3555 propter
1074 3479 1165 3536 hostes

160 3564 350 3639 depellendos
373 3564 443 3624 dira
465 3565 608 3624 Pellouia.
1125 3559 1128 3568 ⁴
