2444 3902
162 168 227 232 202
309 168 515 224 Grammaticus
533 168 637 223 aetatis
655 165 850 224 Varronianus
869 168 1026 240 fragmenta

597 339 639 396 37
681 338 723 396 63

227 444 335 502 1.ΙΙΙ.
381 445 573 518 utrumque
601 331 786 519 muliedea
816 448 852 503 et
879 447 1077 521 epicrocum
1104 442 1164 502 viri
1213 511 1214 525 χ

160 551 299 609 qnoque
321 532 544 591 habitarunt.
641 532 643 535 ’
1213 555 1215 632 ἡ

232 633 306 686 Noa.
322 649 352 701 p.
372 635 437 698 318,
449 634 488 686 96
509 630 654 699 habiture,
677 631 729 686 uti.
757 631 847 686 Varro
867 647 994 686 sermone
1012 630 1110 685 Latino
1127 628 1164 682 lib.
1214 639 1215 676 l

160 702 214 757 III:
233 719 351 766 auumque
364 734 392 744 -·
404 716 543 757 habitarunt.

600 855 642 912 36
667 847 739 934 [67]

228 978 246 1036 l.
270 978 329 1038 IV.
384 978 568 1038 clausulas
605 998 747 1054 quoque
784 981 937 1055 primum
975 979 1168 1055 appellatas

163 1068 302 1141 dicunt,
326 1066 418 1142 quod
441 1067 653 1128 clauderent
676 1069 910 1143 sententiam,
937 1071 978 1126 61
1001 1067 1091 1144 apud
1113 1065 1168 1124 Ao·

163 1159 255 1216 cium
298 1153 337 1232 [o.
365 1156 427 1216 665
447 1149 577 1236 Rioo.³]:
625 1151 687 1215 ‘an
722 1157 809 1216 haec
845 1159 917 1216 iam
953 1157 1064 1216 obliti
1097 1157 1168 1216 sunl

163 1241 360 1323 Phryges?'
406 1265 476 1305 non
503 1265 696 1322 numquam
724 1245 765 1304 ab
793 1246 848 1306 his
876 1245 1028 1305 initium
1055 1245 1110 1318 fit,
1139 1245 1170 1300 61

136 1334 258 1412 capud
294 1333 491 1395 Caecilium
524 1329 563 1414 [u.
587 1327 799 1414 280Ribb.⁸]:
840 1329 914 1394 ‘dei
950 1335 1053 1394 boni!
1094 1331 1171 1410 quid
1214 1395 1215 1402 1

162 1417 268 1483 hoc?'
317 1424 410 1500 apud
443 1424 646 1483 Terentium
679 1417 805 1504 [060161.
832 1418 924 1503 610];
962 1419 1172 1484 ‘discrucior
1214 1433 1215 1442 ¹

163 1507 298 1573 animi’.

235 1613 330 1680 Rufio.
346 1628 375 1680 p.
392 1615 454 1678 556,
470 1615 487 1665 7
505 1611 593 1666 Varro
612 1610 642 1664 in
659 1610 712 1664 ΠΠ
730 1611 774 1684 [in
792 1611 913 1680 septimo
931 1613 1026 1668 Poris.
1043 1617 1113 1668 7496
1130 1607 1172 1663 Ull

163 1684 255 1739 Poris.
265 1687 336 1738 7501
346 1683 376 1736 in
386 1685 492 1750 0661000,
501 1683 531 1736 16
539 1681 590 1736 UII
601 1683 1171 1755 Repia.1709cf.pracf.]:ommrn-rmni

163 1757 198 1822 cf.
214 1755 295 1810 Paul.
310 1756 385 1810 Fosi.
396 1771 426 1822 p.
442 1758 487 1820 56,
502 1759 528 1808 8.
559 1755 636 1809 Mar.
652 1753 719 1809 Vict.
731 1771 761 1823 p.
772 1759 816 1820 60,
829 1759 868 1809 97
882 1771 957 1808 nunc
971 1755 1007 1809 de
1022 1759 1171 1815 metrorum,

163 1828 248 1895 prout
265 1843 360 1880 versus
378 1824 557 1894 processerit,
580 1826 755 1894 praescripto
774 1827 804 1880 et
821 1824 950 1896 legitimo
970 1826 1026 1882 fine
1046 1825 1173 1882 01661616

164 1914 218 1966 que
238 1897 371 1951 dicemus.
403 1913 469 1951 nam
487 1896 605 1951 metrica
623 1896 687 1967 lege
705 1897 736 1950 in
753 1897 809 1950 fine
827 1913 957 1952 versuum
976 1895 1172 1968 quadripertita

165 1969 306 2024 conclusio
334 1969 390 2036 661,
421 1985 472 2036 per
498 1984 584 2036 quam
612 1967 704 2022 exitus
731 1969 815 2023 metri
843 1971 991 2037 statusque
1020 1969 1173 2030 dinoscitur,

164 2042 259 2094 utrum
280 2041 353 2109 pede
378 2055 427 2093 seu
450 2039 592 2108 semipede
614 2039 659 2092 vel
682 2039 801 2109 dipodia
826 2039 864 2094 sit
882 2040 1076 2097 terminatum.
1109 2041 1173 2094 hanc

165 2111 266 2167 Graeci
283 2110 435 2180 κατάληξιν
454 2113 563 2178 vocant,
581 2110 612 2164 id
631 2113 674 2166 est
693 2129 756 2165 cum
774 2111 936 2182 legitimum
953 2114 1077 2167 metrum
1095 2112 1123 2165 in
1136 2125 1173 2178 sy·

165 2185 248 2252 aygia
267 2182 423 2252 simplicem
440 2182 551 2251 pedem,
569 2181 600 2234 in
618 2183 789 2252 monopodia
807 2199 880 2251 vcro,
901 2182 933 2237 id
951 2185 995 2237 est
1013 2184 1046 2237 in
1064 2179 1174 2253 simplici

165 2255 246 2325 pede,
260 2254 400 2323 syllabam
414 2252 515 2322 perdit.
533 2255 663 2324 06161).
683 2259 726 2320 79,
741 2260 757 2308 1
773 2255 881 2322 (Rufio.
892 2272 922 2324 p.
938 2259 1002 2321 557,
1017 2259 1072 2325 13).
1092 2257 1172 2311 Dios.
1213 2301 1214 2316 ,

164 2344 193 2396 p.
213 2331 275 2393 300,
290 2331 335 2382 23.
363 2327 432 2380 leid.
451 2343 490 2381 or.
511 2331 536 2391 1,
551 2329 596 2392 39,
609 2329 654 2380 24.
1213 2325 1214 2384 1

238 2439 253 2487 3
272 2433 343 2488 hacc
360 2434 417 2487 iam
435 2432 505 2487 haec
523 2433 573 2488 dcl.
593 2434 679 2488 eluro
696 2433 767 2487 haec
785 2435 878 2489 Paris.
900 2438 972 2488 7496
1046 2433 1174 2502 satago

166 2507 274 2562 11110611
350 2511 366 2559 6
386 2505 432 2559 661
449 2505 477 2560 b.
496 2505 589 2560 Puris.
610 2508 683 2560 7496
700 2507 798 2576 Rspice.
819 2505 971 2559 73360..
1001 2505 1094 2560 Paris.
1115 2505 1174 2558 7501

603 2658 646 2714 39
671 2649 742 2736 [73]

234 2782 253 2840 1.
272 2783 330 2841 IV.
372 2784 409 2840 ot
429 2782 466 2839 in
484 2779 678 2840 extremum
701 2782 882 2839 senarium
905 2779 1060 2839 totidem
1081 2777 1175 2839 semi·

167 2871 318 2950 pedibus
349 2871 503 2930 adiectis
533 2871 602 2929 fiet
632 2871 786 2928 comicus
817 2869 1030 2944 quadratus,
1062 2871 1103 2928 nt
1129 2867 1176 2925 hic

168 2955 249 3042 [Ter.
269 2979 333 3020 cua.
350 2955 445 3040 539]:
471 2955 566 3018 ‘heri
588 2959 731 3036 aliquot
754 2957 1024 3017 adulescentuli
1047 2960 1176 3017 coimus

167 3051 204 3110 in
227 3044 381 3111 Piraeo'.

240 3149 335 3215 Rufio.
359 3165 388 3216 p.
415 3151 535 3214 556,14
565 3147 641 3201 idem
666 3146 755 3201 Varro
784 3145 815 3198 in
842 3145 941 3200 eodem
968 3145 1021 3200 1111
1053 3147 1176 3218 [septimo
1212 3179 1213 3222 p

168 3221 260 3278 Paris.
289 3224 362 3302 7496
387 3219 437 3272 UH
464 3220 556 3273 Poris.
584 3223 665 3302 7561·
680 3219 778 3302 Rspice.
804 3221 858 3271 733
885 3217 958 3271 libro
982 3219 1047 3272 add.
1072 3218 1127 3290 op]
1149 3215 1177 3268 dc

169 3292 267 3362 lingua
285 3291 387 3345 Latina
406 3291 442 3343 ad
461 3288 625 3344 Marcellum
644 3307 684 3344 erc
703 3288 785 3344 droit:
810 3306 834 3343 ns
846 3304 869 3344 rn
884 3307 1008 3344 extremum
1022 3321 1049 3330 —
1062 3305 1087 3344 m
1101 3304 1176 3344 nnec

168 3365 261 3419 Diona
277 3381 307 3432 p.
323 3367 385 3426 515,
400 3365 417 3415 3
436 3361 626 3430 septenarium
640 3377 749 3414 versum
762 3360 852 3415 Varro
866 3360 927 3414 fieri
941 3360 1011 3413 dicit
1025 3360 1080 3416 hoc
1093 3360 1177 3422 modo,

169 3451 232 3487 cum
247 3433 284 3486 ad
298 3431 450 3486 iambicum
468 3431 632 3500 trisyllabus
650 3449 700 3500 pes
719 3432 835 3486 0661166
854 3432 883 3485 01
900 3431 933 3484 fit
951 3431 1023 3485 tale:
1044 3431 1125 3500 ‘quid
1143 3431 1175 3484 in·

169 3503 341 3556 merentibus
367 3517 457 3566 noces,
486 3502 555 3570 quid
580 3502 688 3556 inrides
714 3502 846 3556 amicis‘l’
876 3502 977 3556 similis
999 3503 1031 3556 in
1054 3501 1176 3558 ’16606110

171 3589 264 3625 versus
284 3573 327 3625 est
346 3574 410 3642 [lucc.
430 3573 509 3642 349]:
533 3574 611 3626 ‘nam
630 3573 653 3626 si
672 3573 819 3626 remittent
836 3573 984 3642 quippiam
1001 3573 1175 3628 Philumenae
