2480 3904
184 164 333 218 Porcellus.
369 165 507 218 Antonius
527 164 625 218 Rufus.
662 164 699 218 M.
715 165 828 218 Verrius
848 164 964 218 Flaccus
1027 165 1092 229 509

576 336 598 392 2

141 441 264 498 fuerunt
287 441 340 515 qui
362 441 447 500 nobis
471 460 589 516 quoque
613 441 766 500 adicerent
788 439 907 498 dualem
937 435 1092 516 ‘scripsere

71 525 195 607 legere',
219 529 298 604 quod
317 530 474 588 evitandae
498 531 668 605 asperitatis
692 530 790 608 gratia
811 530 959 588 mollitum
981 533 1034 604 est,
1058 532 1092 588 ut

70 618 156 694 apud
183 621 296 677 veteres
319 638 374 695 pro
403 613 491 677 ‘male
514 615 646 678 mereris'
677 615 765 677 ‘male
788 615 920 678 merere'.
966 619 1091 696 ideoque

71 707 155 783 quod
180 709 288 766 vocant
310 709 397 766 duale
415 710 448 765 in
470 708 523 766 illo
548 709 610 767 solo
629 727 735 786 genere
757 709 900 781 consistit,
924 727 990 767 cum
1010 708 1092 784 apud

69 795 202 855 Graecos
222 799 252 854 et
269 795 353 855 verbi
375 799 440 855 tota
460 798 657 856 feneratione
677 799 756 856 etin
774 798 943 856 nominibus
968 797 1090 873 depren-
1119 811 1131 850 5

68 886 164 944 datur
179 888 208 943 et
226 887 268 944 sic
283 905 402 962 quoque
415 886 584 946 rarissimus
600 887 662 945 eius
677 889 717 944 sit
730 905 809 960 usne,
829 887 908 961 apud
923 891 1092 946 nostrorum

69 993 144 1033 vero
163 975 310 1032 neminem
327 975 401 1034 haec
424 975 591 1034 observatio
615 978 792 1050 reperiatur,
815 978 888 1052 quin
908 979 1090 1036 econtrario

71 1058 164 1142 [Aen.
186 1068 213 1132 1,
229 1058 308 1142 365]
338 1059 493 1123 ‘devenere
516 1059 611 1124 locos’
636 1068 666 1122 et
695 1059 781 1142 [Aen.
801 1067 831 1134 2,
848 1059 882 1143 1]
911 1061 1090 1125 ‘conticuere

70 1147 188 1211 omnes’
210 1155 240 1210 ct
264 1147 362 1230 [Ouid.
386 1148 571 1232 rnet.13,1]
597 1149 763 1212 ‘consedere
787 1150 885 1213 duces'
911 1157 1013 1230 aperte
1036 1174 1089 1214 nos

69 1243 200 1300 doceant
228 1242 304 1299 nihil
334 1243 440 1301 horum
469 1243 506 1300 ad
534 1243 607 1301 duos
636 1245 799 1318 pertinere,
833 1243 931 1302 dixere
962 1257 1130 1320 quoque,1⁰

69 1349 256 1406 quamquam
279 1331 310 1388 id
329 1331 477 1390 Antonius
496 1332 591 1390 Rufus
616 1352 650 1390 ex
669 1332 784 1392 diverso
808 1334 893 1408 ponit
915 1336 1089 1408 exemplum,

68 1421 107 1478 de
130 1419 266 1496 pluribus
289 1422 423 1495 patronis
446 1440 552 1496 praeco
575 1422 756 1496 pronuntiet.

147 1508 239 1580 Quint.
250 1515 275 1575 1,
287 1515 312 1576 5,
323 1513 359 1564 42
372 1525 464 1564 rueme
473 1525 512 1573 qui
521 1544 547 1550 -
556 1526 690 1573 pronuntiet.
711 1513 744 1578 si,
759 1519 791 1566 ut
803 1513 920 1578 uidetur,
936 1514 1090 1583 Verpilinni

71 1582 125 1636 loci
151 1588 176 1634 et
201 1581 355 1634 Ouidianns
381 1600 399 1635 a
424 1583 501 1648 Rufo
529 1584 610 1636 allati
636 1590 714 1649 sunt,
742 1585 800 1638 eius
827 1591 903 1638 aetus
930 1586 1089 1638 certioribus

67 1653 196 1706 terminis
214 1653 351 1719 definitur.

144 1756 176 1803 11
197 1767 367 1818 quamquam
386 1750 428 1821 id]
450 1752 525 1818 quod
543 1753 667 1806 Arnbios.

291 1994 343 2079 n.
377 1993 606 2080 VERRIUS
638 1994 868 2083 sinodus

414 2161 452 2225 n.
477 2162 746 2230 rnsrrnonin

70 2249 181 2302 VITAE

143 2335 167 2383 1.
188 2330 243 2383 ‘M
264 2330 375 2383 Verrius
394 2331 532 2384 Flaccus'
557 2331 628 2385 Suet.
653 2333 697 2398 (cf.
721 2334 779 2387 ind.
803 2351 914 2403 pronam.
935 2341 960 2388 et
983 2341 1038 2389 tesi.
1057 2337 1086 2404 2)

69 2408 96 2455 et
118 2402 248 2466 Hieron,
278 2403 411 2468 cunboni
439 2402 566 2455 ‘Verrius
590 2404 722 2457 Flaccus’
747 2406 919 2474 plenamque,
949 2407 1086 2461 interdurn

71 2472 209 2526 ‘Verrius’
231 2478 256 2526 et
272 2474 388 2537 fortusse
406 2474 487 2526 etiarn
507 2474 658 2528 ‘Flaccus’.

141 2556 168 2606 2.
188 2551 259 2606 Suet.
279 2552 311 2605 de
328 2570 442 2622 pratum.
458 2557 493 2607 17
507 2553 544 2606 M.
564 2555 617 2624 [tta
630 2561 662 2608 ui
675 2557 729 2609 uid.
745 2556 861 2610 Vindob.
875 2575 910 2610 rn.
924 2557 951 2627 1]
971 2557 1085 2611 Verrius

70 2623 187 2676 Flaccus
205 2623 362 2676 libertinus.
393 2624 485 2691 itaque
504 2626 578 2680 alius
596 2632 633 2680 est
651 2627 764 2681 Verrius
780 2629 900 2682 Maccus
915 2631 957 2682 M.
976 2631 996 2696 f.
1012 2631 1086 2684 tribu

69 2695 195 2749 Falerna
204 2695 269 2750 OIL
277 2695 308 2747 X
317 2699 422 2761 ababa·
431 2698 464 2761 cf.
474 2699 546 2750 3734
553 2698 643 2764 (aliter
650 2698 770 2763 Sciratae,
778 2700 843 2752 Lat.
852 2700 971 2769 Eipcnn.
979 2717 1005 2766 p.
1012 2703 1084 2770 495).

142 2778 168 2827 3.
187 2776 302 2829 Hieron.
325 2776 362 2828 ud
385 2793 410 2828 a.
430 2777 496 2829 Abr.
512 2777 722 2846 2024=761ts
750 2777 945 2832 Athenodorus
968 2779 1084 2834 Tarsen-

70 2845 108 2898 sis
128 2846 233 2899 stoicus
251 2845 434 2914 philosophus
454 2849 482 2899 et
500 2847 537 2900 M.
556 2847 670 2900 Verrius
689 2849 805 2902 Flaccus
825 2851 1024 2918 grammaticus
1042 2852 1085 2904 in-

69 2917 163 2986 signes
189 2916 335 2970 habentur.
378 2917 449 2972 Suet.
469 2919 501 2973 de
518 2936 631 2988 pronun.
647 2924 682 2973 17
705 2920 825 2974 decessit
849 2922 950 2976 aetatis
970 2925 1085 2976 exactae

69 2988 121 3042 sub
140 2987 253 3041 Tiberio
273 2987 568 3063 [767s14-790J37}
610 2993 644 3044 ab
668 2993 757 3046 eodem
780 2992 910 3048 Suetonio
933 2997 1085 3061 accepimus

75 3061 200 3114 Verrium
219 3077 293 3114 anno
311 3061 367 3126 fere
383 3060 489 3132 744s10
503 3063 537 3115 ab
553 3063 677 3131 Aupusto
696 3071 823 3132 nepotuin
841 3067 1001 3134 nupntrurn
1021 3068 1083 3120 elee-

68 3137 127 3184 tnrn
145 3133 177 3184 in
196 3131 338 3186 Palatirun
357 3134 499 3187 transiisse
517 3134 562 3202 (cf.
577 3134 621 3187 Dc
639 3135 695 3187 iud.
717 3137 766 3189 ttn.
787 3141 842 3189 test.
859 3137 913 3204 50),
933 3138 1006 3191 unde
1024 3155 1084 3190 euin

69 3202 195 3256 XXXV
209 3204 353 3256 minimum
376 3221 464 3259 annos
486 3211 583 3259 natura
606 3211 671 3258 tunc
692 3207 777 3272 fuisse
800 3208 873 3273 cfsi'ei
892 3214 988 3275 potest.
1012 3209 1084 3277 quod

68 3275 100 3339 si,
119 3280 152 3327 ut
165 3275 309 3342 probabile
327 3281 372 3340 est,
391 3293 460 3344 quae
474 3277 663 3330 Praenestinis
680 3278 763 3342 fastis
780 3294 864 3346 usque
881 3280 918 3332 ad
932 3298 957 3332 a.
974 3280 1085 3350 775s22

68 3345 167 3399 addita
190 3352 255 3400 sunt
277 3345 368 3399 Verrii
389 3348 514 3414 beneficio
537 3349 676 3414 habentus,
697 3347 739 3414 is,
765 3351 814 3416 qui
835 3350 981 3404 admodum
1004 3369 1084 3406 senen

68 3417 187 3482 decoesit,
206 3417 296 3485 spatio
315 3433 451 3472 annuum
471 3418 734 3490 carseo-wesin
752 3427 836 3474 natus
854 3428 899 3475 est.
932 3424 967 3489 cf.
986 3429 1042 3477 test.
1058 3427 1083 3476 4.

140 3502 164 3550 4.
185 3497 256 3552 Suet.
272 3497 477 3568 depranrn.17
495 3501 618 3552 statuam
634 3499 721 3553 habet
733 3499 884 3555 Praeneste
903 3501 932 3554 in
951 3502 1084 3557 inferiore

68 3566 123 3622 fori
141 3570 222 3636 parte
241 3568 315 3621 circa
334 3569 538 3638 hemicyclium,
557 3570 587 3623 in
606 3587 661 3638 quo
679 3570 789 3625 fastos
809 3588 825 3626 a
845 3590 873 3626 se
893 3573 1036 3628 ordinatos
1056 3577 1084 3628 et
