2444 3902
387 181 417 234 P.
437 158 569 251 Nigidius
588 179 705 249 Figulus
856 142 859 147 Ι
993 177 1057 242 159

42 338 83 393 ita
107 341 208 394 adme
231 340 356 406 mittunt,
383 339 532 410 Nigidium
555 340 658 394 minari
676 339 706 402 in
726 340 855 394 contione
879 356 909 393 se
927 337 1058 406 iudicem,

42 411 164 478 quinon
184 412 314 476 adfuerit,
335 411 575 482 compellatururn.

115 489 139 538 6.
159 485 212 540 Oia.
236 485 275 538 ud
301 485 330 554 Q.
354 484 390 550 fr.
411 491 436 551 1,
450 489 527 551 2516
552 483 591 554 [a.
612 481 725 564 695s59]
734 487 897 606 1&praetores
922 482 1058 538 habemus

45 553 225 610 amicissimos
244 558 274 609 et
293 555 442 609 acerrimos
462 554 544 621 cives,
563 554 719 608 Domitium
761 553 882 624 igidium
895 553 1059 608 Memmium

45 625 199 680 Lentulum.
1067 638 1069 649 '

117 701 140 752 ⁷.
161 699 213 753 Or'c.
236 699 339 753 Time
370 698 420 766 qui
452 698 497 769 [P.
522 698 668 768 Nigidius]
702 714 766 751 cum
798 713 842 750 me
873 695 904 750 in
930 695 1056 752 Ciliciam

47 768 263 836 proficiscentem
287 768 391 838 Ephesi
414 768 619 839 expectavisset
637 768 755 822 Romam
778 785 812 821 ex
830 767 973 838 legatione
997 769 1058 838 ipse

48 839 181 894 decedens
200 840 376 908 venissetque
394 841 493 895 eodem
511 839 657 908 Mytilenis
675 840 732 893 mei
751 839 894 894 salutandi
908 841 936 893 et
951 839 1060 895 visendi

50 927 130 964 causa
152 909 300 981 Cratippus
326 911 580 982 Peripateticorum
605 911 741 975 omnium,
770 928 840 980 quos
866 910 981 979 quidem
1007 928 1060 982 ego

50 981 191 1050 audierim,
209 999 271 1038 mec
290 982 397 1038 iudicio
415 983 500 1037 facile
518 982 656 1053 princeps¹
675 982 848 1052 perlibenter
867 985 896 1036 et
912 982 1061 1053 Nigidium

51 1052 106 1106 vidi
124 1057 151 1108 et
165 1055 280 1125 cognovi
300 1054 472 1124 Cratippum.
505 1071 538 1108 ac
552 1053 675 1123 primum
690 1054 804 1121 quidem
822 1056 934 1123 tempus
954 1055 1060 1109 saluta-

50 1124 132 1178 tionis
149 1125 176 1178 in
194 1125 406 1195 percontatione
424 1125 646 1194 consumpsimus
666 1167 671 1178 .
692 1168 698 1180 .
719 1125 725 1178 ’.
846 1177 849 1186 ,

120 1202 145 1250 8.
164 1197 216 1252 Cic.
232 1198 270 1251 ad
284 1198 343 1261 Art,
359 1202 384 1264 7,
393 1202 430 1253 24
445 1198 482 1268 [a.
495 1197 690 1320 ⁷⁰⁵s49ir⁰⁰⁰⁶
704 1195 841 1265 postridie
856 1195 933 1250 Cassi
948 1197 1060 1252 litterae

53 1265 143 1336 Capua
160 1285 177 1322 a
193 1269 323 1342 Lucretio
342 1268 477 1322 familiari
496 1269 564 1335 eius,
618 1267 738 1338 igidium
757 1284 775 1320 a
792 1267 917 1323 Domitio
936 1267 1061 1350 Capuam
1081 1281 1088 1292 ·

52 1337 163 1393 venisse.
199 1356 263 1393 eum
282 1340 375 1394 dicere
388 1339 554 1394 Vibullium·
565 1356 628 1393 cum
646 1340 745 1408 paucis
764 1337 903 1392 militibus
923 1355 939 1394 e
957 1339 1061 1393 P1ceno

53 1425 156 1464 canere
169 1411 204 1464 ad
219 1411 353 1478 Gnaeum,
374 1410 521 1467 confestim
535 1409 646 1479 insequi
661 1410 816 1478 Caesarem,
833 1410 990 1464 Domitium
1005 1427 1062 1464 non

54 1480 151 1535 habere
167 1481 290 1536 militum
308 1483 347 1536 111
364 1482 452 1537 milia.

122 1559 145 1607 9.
165 1555 216 1608 oa.
233 1555 271 1607 ad
284 1554 351 1620 fam.
366 1559 437 1620 4,13
456 1555 494 1625 [a.
511 1553 624 1624 708s46]
643 1553 680 1607 M.
701 1551 797 1607 Cicero
817 1553 842 1607 S.
858 1552 891 1606 D.
907 1554 935 1606 P.
950 1553 1061 1623 Figulo.

57 1625 142 1678 Cicero
155 1627 302 1696 Nigidium
316 1627 408 1680 exsilii
420 1628 537 1693 sortaao
554 1625 696 1694 adflictum
715 1625 880 1692 consolatur,
901 1642 988 1678 uuam
1007 1642 1061 1680 om-

56 1697 127 1749 aiam
153 1696 335 1752 dodiasimam
363 1703 388 1752 et
414 1697 616 1752 madrasiam
643 1703 668 1751 et
692 1697 746 1750 eibi
770 1703 838 1752 certe
865 1698 1062 1750 amicissimam

57 1768 194 1835 appetens.

123 1844 160 1893 10.
180 1841 234 1895 Cic.
257 1841 326 1894 Tim.
351 1845 407 1905 1,1
434 1838 525 1892 multa
550 1840 616 1892 sunt
639 1854 656 1891 a
678 1837 761 1893 nobis
785 1840 814 1892 et
836 1839 866 1890 in
885 1837 1062 1892 Academicis

59 1911 205 1980 conscripta
219 1914 316 1964 contra
329 1910 461 1980 physicos
476 1912 505 1964 et
519 1926 603 1978 saepe
614 1909 720 2032 <camp
730 1909 760 1963 P.
771 1909 888 1980 Nigidio
901 1908 1062 1964 Carneadeo

60 1996 127 2034 more
140 1985 167 2034 et
179 1982 262 2036 modo
278 1981 431 2051 disputata.
464 1981 520 2034 fuit
535 1982 609 2034 enim
623 1980 728 2035 virile
743 1998 806 2034 cum
825 1982 925 2036 ceteris
945 1981 1062 2046 artibus,

62 2068 125 2117 quae
143 2054 253 2120 quidem
273 2052 378 2124 dignae
396 2053 485 2108 libero
505 2054 605 2119 essent,
625 2055 741 2106 ornatus
761 2052 898 2119 omnibus,
918 2055 979 2106 tum
998 2069 1063 2107 acer

61 2122 235 2194 investigator
252 2127 282 2179 et
300 2124 422 2194 diligens
441 2141 538 2179 earum
556 2140 658 2190 rernm,
678 2140 750 2192 quae
768 2125 900 2178 enatura
918 2122 1063 2180 involutae

62 2193 188 2262 videntum
199 2196 320 2264 denique
328 2196 369 2249 sic
376 2195 470 2250 iudico
478 2199 543 2265 post
550 2195 614 2250 illos
621 2194 730 2250 nobiles
735 2195 936 2265 Pythagoreos,
945 2213 1063 2264 quorum

62 2263 198 2335 disciplina
221 2269 346 2322 extincta
369 2269 412 2322 est
435 2267 557 2337 quodam
580 2267 673 2334 modo,
697 2284 761 2321 curn
784 2267 894 2336 aliquot
917 2267 1009 2322 saecla
1032 2268 1063 2320 in

61 2333 135 2390 ltalia
152 2337 303 2406 Siciliaque
323 2339 466 2408 viguisset¹
490 2339 565 2392 hunc
584 2339 719 2405 extitisse,
743 2339 793 2408 qui
810 2337 890 2392 illam
908 2341 1063 2394 renovaret.

126 2423 163 2471 11.
182 2418 268 2474 Schol.
284 2421 352 2474 Bet.
369 2420 407 2473 ad
422 2420 476 2475 Cic.
491 2422 523 2474 ia
538 2420 629 2474 Vatia.
645 2424 697 2484 6,1
713 2436 742 2487 p.
754 2423 808 2473 317
825 2419 869 2474 Or.
897 2418 954 2474 fuit
968 2421 1063 2472 autem

63 2484 113 2540 illis
135 2489 305 2558 temporibus
329 2490 462 2560 Nigidius
487 2490 604 2558 quidam
629 2490 671 2542 vir
697 2489 826 2544 doctrina
851 2493 880 2543 et
905 2491 1063 2544 eruditione

64 2558 205 2614 studiorum
213 2561 481 2630 praestantissimus,
492 2562 529 2614 ad
538 2577 621 2630 quem
631 2560 746 2630 plurimi
758 2561 969 2615 conveniebant.
993 2562 1064 2614 haec

65 2626 95 2680 ab
116 2630 344 2687 obtrectatoribus
369 2632 448 2687 velut
469 2633 555 2687 factio
578 2633 670 2686 minus
693 2631 848 2701 probabilis
872 2631 1063 2697 actitabatur,

65 2704 175 2766 (quamne
189 2704 244 2772 ipsi
258 2703 437 2774 Pythagorae
452 2706 603 2758 sectatores
618 2704 774 2758 existimari
788 2702 900 2758 vellent.
919 2704 955 2770 cf.
970 2710 1025 2758 test.
1038 2709 1063 2758 3,

125 2783 231 2838 lvelut
249 2784 337 2839 factio
356 2785 516 2840 Buecheler:
534 2783 620 2838 veluti
640 2784 714 2838 actio

126 2869 165 2918 12.
184 2865 291 2920 Pir-ce.
311 2867 343 2918 ia
361 2865 428 2920 Sall.
448 2872 565 2920 controv.
586 2869 620 2919 14
648 2869 678 2918 at
696 2863 823 2918 hercules
846 2863 943 2932 lapsus
962 2863 1065 2918 aetatis

64 2931 179 3012 tirocinio
197 2940 297 3004 postea
315 2953 345 2990 se
364 2937 485 2991 correxit
503 2935 686 3018 [Sallustiusl.
719 2953 774 2989 non
793 2936 834 2988 ita
854 2938 905 3003 est,
925 2936 974 2989 sed
993 2935 1066 2989 abiit

64 3019 88 3054 rn
104 3007 265 3062 sodalicium
284 3008 425 3078 sacrilegii
446 3007 600 3077 Nigidiani.

126 3083 165 3133 13.
183 3080 268 3148 Apul.
289 3079 321 3133 de
344 3097 414 3202 irrep.
434 3084 470 3134 42
495 3077 610 3133 memini
632 3094 677 3132 me
701 3077 777 3147 apud
796 3077 951 3131 Varronem
974 3077 1065 3147 philo-

65 3147 169 3216 sophum
180 3151 277 3204 -hoc
292 3150 378 3206 etiam
404 3167 485 3220 egere
500 3172 547 3215 -3
566 3150 691 3218 itemque
705 3149 831 3214 Fabium,
851 3166 914 3202 enm
929 3149 1066 3218 quingen-

64 3221 102 3271 tos
119 3220 261 3276 denarium
279 3221 457 3291 perdidisset,
481 3221 517 3275 ad
535 3220 684 3290 Nigidium
703 3220 863 3275 consultum
881 3219 1002 3284 venisse;
1029 3220 1065 3272 ab

65 3303 92 3342 eo
108 3309 203 3360 pueros
222 3293 345 3348 carmine
369 3292 518 3346 instinctos
541 3291 717 3355 indicavisse,
741 3291 791 3345 ubi
809 3290 934 3344 locorum
954 3291 1066 3344 defossa

65 3366 129 3416 esset
149 3364 275 3418 ammius
298 3381 361 3418 oum
384 3366 466 3433 parte
490 3380 598 3432 eorum,
627 3364 713 3418 ceteri
735 3365 768 3416 ut
791 3363 884 3415 forent
907 3361 1065 3427 distributi;

65 3449 140 3488 unum
162 3437 248 3490 etiam
273 3435 419 3489 denarium
443 3452 477 3490 ex
494 3442 532 3490 e'o
551 3452 666 3489 numero
689 3434 793 3488 habere
817 3431 950 3487 Catonem
974 3433 1066 3501 philo-

65 3504 183 3574 sophum,
206 3523 290 3576 quem
313 3523 342 3561 se
366 3523 383 3560 a
406 3507 560 3577 pedisequo
584 3507 614 3560 in
638 3506 740 3575 stipem
758 3504 899 3573 Apollinis
923 3504 1065 3573 accepisse

65 3574 123 3631 Cato
140 3578 282 3634 confessus
301 3579 350 3632 est.
