2442 3902
398 145 435 200 M.
446 145 602 200 Terentius
624 146 709 201 Varro
799 135 802 142 ⁵
996 144 1061 210 297

112 311 127 363 2
148 305 248 377 longit.
269 323 319 361 oua
339 307 414 362 codd.
483 313 499 360 3
518 308 656 374 quantum
675 324 733 361 ore:
753 325 800 361 em.
815 308 905 361 Wba.
926 308 1063 374 quantum

41 378 180 446 temporis
193 379 233 432 cd.
251 378 364 432 Vindob.
376 396 440 433 =c
500 384 515 432 ὁ
534 377 573 431 sit
586 396 614 433 c:
635 377 658 432 si
721 385 737 432 6
757 378 843 449 altit]
858 378 894 431 ab
909 377 1062 432 altitudine

41 449 118 502 codd.
139 451 172 502 at
191 448 300 504 altitu
390 448 533 518 8spiratu
558 450 627 518 (·itu
646 450 767 505 Laecae.
787 468 820 504 m.
836 452 865 516 2)
927 449 1062 518 adspirat.

42 534 107 588 app.
125 523 245 574 δασεῖαν
265 522 293 574 et
311 518 398 588 ψιλήν
416 522 486 574 coni.
506 521 573 575 Keil
591 521 670 590 adep.
690 530 801 590 πνεῦμα
816 521 887 576 δασύ
903 522 1063 590 Zippmaaa

42 595 57 643 9
77 592 130 644 aut
149 592 314 661 aspiranda:
334 609 418 646 enac
489 591 634 662 pinguiree
655 594 774 647 Lacaat.

468 745 539 801 279
563 737 635 822 [56]

111 867 133 924 h
157 869 236 926 sicut
258 868 290 925 in
314 869 487 954 quaestipnc
511 870 564 942 est,
591 868 695 927 littera
718 870 758 927 sit
784 886 885 942 necne,
912 868 955 927 sic
977 886 1063 925 num·

43 973 136 1028 quam
156 956 326 1015 dubitatum
346 959 391 1016 est
410 957 537 1016 secundo
556 958 621 1015 loco
641 976 659 1015 a
678 975 863 1032 quacumque
883 960 1063 1016 consonante

45 1045 118 1117 poni
137 1044 252 1120 debere,
276 1045 356 1121 quod
374 1045 454 1106 solus
473 1045 569 1106 Varro
593 1045 725 1119 dubitat,
748 1047 815 1104 vult
834 1047 913 1104 enim
936 1045 1063 1105 auotori-

45 1133 108 1191 tate
147 1153 201 1194 sua
236 1135 353 1194 efficere
387 1137 423 1193 ut
453 1136 474 1192 h
506 1135 589 1210 prius
625 1138 756 1210 ponatur
792 1154 828 1194 ea
863 1135 978 1210 littera,
1015 1137 1064 1193 cui

48 1222 261 1297 aspirationem
284 1225 406 1298 confert,
430 1227 461 1282 et
478 1227 564 1284 tanto
587 1224 682 1302 magis
703 1225 759 1283 hoc
779 1227 909 1300 temptat
932 1224 1063 1299 suadere,
1092 1234 1103 1275 ὃ

49 1311 127 1384 quod
150 1313 303 1372 vocalibus
332 1331 449 1388 quoque
472 1313 545 1372 dicit
568 1313 718 1388 anteponi,
745 1317 780 1372 ut
802 1314 888 1373 heres
910 1313 1018 1372 hircus,

118 1412 194 1464 Aba.
210 1412 322 1467 Cernat.
338 1429 383 1480 ap.
400 1412 521 1467 Cassiod.
536 1413 603 1466 ortis.
620 1429 649 1481 p.
665 1416 758 1478 152,8
775 1425 985 1466 unicus-maus.
1014 1411 1064 1465 sed

50 1476 203 1537 Varronem
222 1483 359 1552 praeterit
377 1485 575 1538 consonantem
594 1482 657 1537 ideo
677 1485 798 1537 secundo
817 1483 879 1537 loco
898 1483 1064 1552 hrocipere,

50 1553 122 1618 quod
149 1553 229 1624 [quia
252 1556 337 1609 Bora.
361 1555 467 1626 Paria]
495 1571 550 1609 non
576 1553 666 1623 possit
692 1556 758 1607 ante
783 1554 984 1623 aspirationem
1008 1554 1064 1608 nisi

52 1623 152 1677 vocalis
166 1625 278 1679 habere.
311 1625 406 1694 itaque
422 1627 451 1679 et
469 1628 535 1680 ante
554 1628 583 1680 et
601 1627 666 1694 post
684 1625 703 1677 h
722 1625 819 1680 littera
837 1625 1002 1696 cuicumque
1016 1643 1065 1680 vo·

53 1692 104 1776 cali
122 1696 303 1767 adiungatur,
322 1697 487 1750 consonabit
506 1698 574 1768 [non
593 1714 631 1751 so.
651 1697 741 1751 codd:
763 1715 811 1752 em.
838 1697 957 1820 Uacerra.
995 1695 1065 1750 haec

52 1778 123 1818 enrm
141 1770 244 1822 natura
267 1768 405 1821 vocalium
425 1771 480 1835 eet,
506 1770 624 1822 utente
647 1783 676 1821 se
696 1770 745 1822 aut
764 1770 828 1837 post
847 1783 876 1821 se
894 1768 914 1821 h
953 1767 1065 1834 abeant,

55 1851 162 1905 quoquo
179 1855 282 1909 genere
301 1839 524 1894 enuntiationem
542 1857 597 1894 non
617 1839 774 1908 impediant
798 1839 875 1910 [post
893 1857 922 1893 se
941 1839 1066 1893 habeant

55 1921 93 1961 en.
111 1911 195 1964 Besa.
214 1912 280 1980 post
294 1927 324 1964 se
338 1911 356 1964 h
371 1927 413 1964 en.
434 1911 526 1966 Paris.
546 1913 578 1964 ut
592 1927 703 1979 quoquo
719 1929 745 1981 g.
761 1928 804 1965 en.
824 1911 938 1965 Bruacl.
951 1911 1065 1981 Colca}

54 1979 84 2044 ef.
103 1981 352 2050 Prisc.p.19,12.

122 2089 196 2142 lsic
232 2088 270 2141 sit
378 2091 456 2142 sest
475 2105 508 2142 ac
527 2090 611 2144 Besa.
632 2091 738 2152 Paria,
761 2089 834 2143 ande
850 2090 1005 2144 Wlmaaas
1023 2092 1067 2143 cst

56 2170 88 2208 an
105 2190 139 2199 —
160 2089 274 2214 dederet
373 2165 388 2213 3
407 2161 475 2227 quia
493 2159 568 2214 solus
588 2161 672 2214 Bere.
691 2176 777 2228 quam
797 2178 817 2214 s.
837 2161 951 2215 Brund.
972 2161 1065 2215 Colca.

58 2231 71 2278 l
89 2231 130 2284 cui
147 2231 236 2286 Wilm.
252 2247 374 2300 quae-
389 2230 496 2286 confert
511 2230 654 2300 (conferet,
669 2249 717 2286 cm.
732 2231 872 2286 conferret
887 2232 979 2287 Colca.
993 2249 1028 2286 m.
1039 2237 1066 2297 2,

58 2298 135 2356 Bam.
158 2303 261 2372 Colca.)
352 2302 555 2372 bparsuadcre
575 2303 673 2358 (lamio
692 2308 718 2356 et
734 2302 794 2357 edd.
891 2308 998 2372 cquae
1017 2320 1065 2356 cm.

57 2373 126 2436 quod
145 2375 229 2430 Rem.
256 2392 282 2442 q.
301 2376 395 2428 Brea:
419 2390 473 2446 qup
494 2374 584 2429 Colca.
611 2376 643 2426 ut
662 2374 755 2429 Paris.
828 2373 906 2427 dicat

432 2523 434 2530 ’
477 2525 543 2600 280
565 2518 637 2603 [aa]

118 2649 154 2707 de
182 2650 203 2708 h
232 2650 335 2709 littera
365 2651 528 2724 quaeritur,
559 2667 635 2725 quae
666 2667 696 2708 se
726 2649 829 2707 multis
860 2653 912 2707 aut
940 2650 1068 2708 inseruit

61 2737 172 2798 vocibus
188 2741 241 2799 aut
259 2739 440 2814 praeposuit.
473 2739 599 2797 inseruit
617 2738 701 2795 utin
720 2738 767 2796 his
783 2732 950 2797 ‘vehemens
969 2756 1066 2813 repre-

61 2819 174 2903 hendit,
197 2847 267 2887 oum
290 2827 486 2906 elegantiores
510 2831 541 2887 et
559 2829 727 2886 veementer
747 2827 849 2886 <licant
868 2831 897 2886 et
915 2826 1068 2903 reprendit

61 2917 211 2975 secundum
234 2916 362 2993 primam
384 2918 577 2993 positionem,
605 2916 717 2992 prendo
741 2917 821 2974 em'm
843 2916 980 2990 dicimur,
1008 2935 1067 2975 non

62 3004 208 3074 prehendo.
255 3007 288 3064 at
318 3006 504 3081 praeposuit,
536 3008 571 3066 ut
602 3025 669 3064 cum
701 3004 782 3064 dicas
815 2998 924 3083 [hostis
956 3005 1067 3063 harena
1095 3023 1107 3063 5

62 3085 193 3175 harenae]
217 3095 346 3154 halicarn
365 3099 395 3154 ct
413 3094 584 3169 haliculam,
608 3113 675 3153 cum
694 3094 732 3152 ab
751 3093 856 3153 alendo
875 3095 971 3170 possit
990 3094 1067 3152 alica

62 3175 120 3258 dici,
139 3188 168 3244 et
186 3183 326 3244 aliculam
345 3185 515 3244 existiment
534 3185 653 3257 dictam,
673 3182 754 3259 quod
773 3182 837 3242 alas
856 3182 941 3242 nobis
957 3184 1068 3242 iniecta

63 3274 210 3334 contineat
257 3273 360 3332 hortus
391 3293 508 3349 quoquc
537 3292 598 3331 non
627 3272 817 3332 desiderabat
846 3272 1067 3347 aspirationem,

64 3361 132 3430 quod
157 3363 202 3422 ibi
228 3362 337 3422 herbae
362 3364 499 3422 oriantur
526 3362 558 3421 id
581 3365 626 3420 est
648 3363 822 3435 nascantur3
853 3360 904 3420 sed
925 3365 1026 3419 tamen
1050 3378 1068 3418 a

65 3453 263 3512 consuetudine
291 3452 414 3528 accepit.
459 3455 490 3511 ct
517 3452 652 3511 cohortes
680 3468 774 3525 aeque
803 3469 821 3508 a
848 3448 1005 3508 cooriendo
1034 3468 1069 3506 ex
1084 3469 1109 3507 ro

65 3537 153 3600 eodem
176 3541 242 3601 loco
266 3540 364 3600 dictae
388 3544 471 3616 sunt,
501 3543 532 3600 et
553 3535 696 3616 tam<en>
719 3538 918 3597 differentiam
947 3538 1068 3613 quidam
