2444 3902
88 203 95 218 .
193 169 256 235 158
339 170 546 225 Grammaticae
566 169 670 224 aetatis
688 170 880 225 Varronianae
899 170 1057 242 fragmenta

392 415 435 498 P.
468 411 738 500 NIGIDIUS
770 412 1008 500 elautus

533 600 571 664 A.
595 599 866 665 TESTIMONIA

191 685 302 740 VITAE

264 800 288 848 1.
309 794 354 847 ‘P.
370 794 516 864 Nequius
537 802 575 849 est
593 796 749 863 saepissime
767 796 844 865 oprtet
864 795 984 850 Gelliam
1002 796 1043 848 oct
1062 793 1186 864 ‘Nigidio

193 865 341 936 Flaccus&
375 866 639 936 ‘Nipide'us’sapact
663 867 790 920 Nouium
814 883 926 935 semper,
949 868 1105 936 pierumque
1125 861 1187 932 opud

191 937 309 1006 reliquos
330 943 460 992 auctores,

263 1013 289 1063 2.
309 1008 395 1063 Setot
415 1009 446 1060 νἰι
471 1009 579 1063 Lacca.
600 1015 624 1075 1,
640 1011 695 1062 639
722 1007 871 1076 Nigidium
895 1009 1028 1078 Figulum
1053 1009 1126 1072 dicit,
1149 1005 1188 1073 qni

192 1078 256 1134 ideo
281 1079 334 1134 hoc
359 1095 461 1133 nomen
490 1080 607 1148 accepit,
637 1079 706 1148 qnia
731 1095 873 1150 regressus
896 1096 915 1133 a
938 1079 1057 1135 Graecia
1082 1079 1146 1133 dixit
1167 1091 1188 1128 se

193 1150 325 1204 didicisse
349 1150 445 1204 orbem
465 1151 501 1203 ad
520 1149 694 1205 celeritatem
718 1153 798 1205 rotae
816 1151 897 1221 figuli
920 1152 1054 1218 torqueri.
1091 1152 1188 1221 Aque.

192 1224 242 1277 cto.
257 1223 283 1275 d.
300 1226 352 1288 5,3
373 1221 420 1276 ‘de
437 1224 612 1292 argumento,
632 1221 708 1289 quod
723 1238 757 1276 ex
774 1223 837 1275 rota
855 1221 935 1292 figuli
952 1221 1085 1292 Nigidius
1102 1221 1190 1276 maths—

191 1293 312 1347 maticus
332 1293 490 1362 adsumpsit
512 1293 542 1347 in
565 1293 731 1362 quaestione
754 1293 950 1362 geminorum'.
986 1293 1091 1348 frustra
1111 1293 1189 1358 usque

194 1363 320 1418 adfertur
329 1363 424 1418 nobile
438 1363 510 1418 illud
524 1368 713 1419 commentum
723 1365 759 1418 de
767 1364 848 1433 figuli
858 1367 928 1431 rota,
942 1365 1019 1433 quod
1033 1363 1190 1435 respondisse

192 1436 287 1489 ferunt
301 1435 449 1505 Nigidium
467 1436 520 1489 hac
539 1436 704 1504 quaestione
723 1434 878 1502 turbatum,
897 1437 972 1490 unde
987 1441 1016 1489 et
1031 1435 1141 1504 Figulus
1153 1433 1191 1486 ad-

192 1506 314 1576 pellatus
334 1509 384 1560 eet.
423 1507 489 1559 dum
509 1507 583 1560 enim
601 1510 693 1561 rotam
711 1507 792 1577 figuli
811 1507 838 1560 vi
857 1523 914 1575 qua
932 1507 1027 1575 potuit
1044 1507 1191 1566 intorsisset,

193 1581 321 1633 currente
340 1577 391 1630 illa
405 1576 449 1631 bis
468 1594 582 1633 numero
598 1577 633 1631 de
652 1581 811 1632 atramento
831 1581 976 1646 tamquam
995 1596 1051 1632 uno
1071 1579 1128 1632 eius
1145 1576 1191 1628 loco

193 1665 302 1704 summa
328 1649 473 1703 celeritate
498 1649 649 1719 percussit3
677 1649 779 1704 deinde
805 1650 919 1703 inventa
942 1653 1009 1703 sunt
1033 1650 1114 1720 signa
1135 1661 1192 1716 quse

192 1721 291 1774 fixerat
316 1720 470 1774 desistente
495 1723 582 1788 motu,
608 1738 664 1774 non
688 1737 775 1790 parvo
800 1719 948 1774 intervallo
974 1721 1003 1773 in
1029 1725 1108 1776 rotae
1132 1719 1192 1772 itlius

193 1791 371 1847 extremitate
398 1790 542 1854 distantia.
582 1792 644 1846 ‘sic’
666 1791 760 1861 inquit
780 1791 821 1845 ‘iu
844 1793 925 1846 tanta
947 1792 1106 1862 rapacitate
1128 1788 1192 1845 caeli

193 1861 304 1917 etiamsi
330 1862 402 1917 alter
424 1865 489 1932 post
514 1863 635 1917 alterum
658 1866 740 1917 tanta
765 1863 909 1918 celeritate
935 1866 1077 1928 nascatur,
1103 1866 1193 1931 quante

193 1939 283 1990 rotam
306 1933 350 1989 bis
374 1933 435 2002 ipse
457 1933 591 2003 percussi,
616 1938 646 1987 in
670 1933 742 1988 caeli
766 1935 859 2004 spatio
884 1934 1038 2003 plurimum
1062 1937 1118 2000 est;
1142 1932 1194 1985 hinc

193 2008 268 2060 sunt’
287 2005 381 2075 inquit
403 2006 606 2075 ‘quaecumque
626 2005 817 2060 dissimillima
835 2005 1020 2075 perhibentur
1038 2005 1068 2059 in
1087 2004 1195 2060 moribus

193 2076 358 2146 casibusque
377 2075 573 2147 geminorum'.

264 2154 289 2204 3.
308 2149 425 2204 Hieron.
437 2150 474 2202 aot
488 2149 588 2204 Euseb.
603 2149 694 2203 ebron.
710 2149 743 2203 ol.
756 2153 843 2215 183,4
858 2148 904 2219 [=
914 2166 940 2203 a.
953 2148 1063 2220 mesot]
1078 2145 1195 2218 Nigidius

194 2220 310 2288 Figulus
321 2219 525 2289 Pythagoricus
540 2222 569 2274 et
582 2236 628 2273 ma
696 2219 725 2272 in
740 2219 839 2273 exsilio
854 2219 980 2274 moritur.
1000 2238 1096 2274 unaue
1108 2217 1196 2274 aetolis

188 2295 324 2361 posterior
341 2308 398 2346 οιοοι
416 2299 454 2346 eet
472 2308 554 2362 qaam
573 2295 625 2346 655
635 2296 679 2357 99,
702 2308 763 2344 cam
781 2292 918 2361 Negidius
935 2309 961 2346 a.
982 2292 1085 2364 695J59
1100 2297 1196 2360 praetor

205 2364 277 2417 uerit
304 2369 360 2417 tect.
376 2368 411 2417 6.

190 2363 208 2428 f
264 2365 363 2488 4.(Oic.
379 2366 433 2502 piro
452 2434 531 2488 Sulla
545 2438 579 2486 41
600 2433 637 2504 [a.
652 2433 762 2506 691f63]
782 2432 952 2487 introductis
970 2433 1000 2486 in
1019 2435 1149 2488 senatum
1166 2431 1197 2482 in-

194 2504 303 2558 dicibus
317 2505 452 2558 constitui
467 2507 617 2570 senatores,
632 2504 681 2572 qui
696 2504 791 2558 omnia
804 2504 929 2558 indicum
945 2502 1023 2558 dicta
1036 2505 1197 2573 interrogata

194 2593 327 2645 responsa
359 2575 571 2644 perscriberent.
618 2579 648 2628 at
676 2593 745 2644 quos
774 2575 860 2629 viros!
898 2593 954 2629 non
982 2575 1074 2630 solum
1103 2588 1197 2629 sumna

193 2648 297 2700 virtute
316 2649 344 2700 et
362 2646 426 2712 fide,
450 2647 529 2700 ouius
548 2648 658 2716 generis
677 2647 785 2701 eratin
809 2649 909 2700 senatu
932 2647 1055 2702 facultas
1078 2647 1197 2702 maxime.

193 2718 347 2773 sedetiam
367 2734 436 2785 quos
456 2717 578 2772 sciebam
597 2717 733 2772 memoria
756 2719 874 2772 scientia
897 2718 1043 2773 celeritate
1069 2715 1197 2772 scribendi

195 2789 330 2843 facillime
358 2805 431 2857 quae
459 2787 619 2842 dicerentur
646 2789 777 2859 persequi
804 2806 895 2859 posse,
924 2788 953 2845 C.
973 2788 1140 2846 Cosconium
1166 2819 1198 2850 -‚

193 2861 230 2914 M.
254 2860 417 2916 Messallam
441 2893 483 2928 -,
509 2861 538 2914 P.
558 2859 714 2930 Nigidium,
742 2861 814 2930 App.
839 2859 996 2915 Claudium.
1040 2862 1123 2916 credo
1148 2875 1197 2914 esse

194 2931 347 2999 neminem,
376 2930 425 3000 qui
447 2931 491 2984 his
516 2930 677 2985 hominibus
703 2932 740 2985 ad
763 2948 826 2985 vere
852 2931 1030 2988 referendum
1054 2937 1104 2987 sut
1126 2931 1197 2985 fiden

192 3006 273 3073 putet
292 3007 342 3058 aut
364 3002 509 3073 ingenium
533 3002 664 3057 defuisse.
702 3003 777 3058 Peos.
809 3004 857 3058 Aa
874 3006 935 3058 seat
952 3022 1021 3074 resp.
1040 3017 1095 3077 per:
1119 3007 1153 3058 eit
1170 3007 1197 3056 a·

193 3073 319 3142 Κικέρων
343 3073 374 3129 δὲ
394 3074 478 3135 αὐτὸς
501 3073 630 3143 ὁμολογοῖ
651 3073 686 3127 τὰ
705 3075 835 3129 κάλλιστα
858 3076 908 3129 καί
932 3075 1047 3145 μέγιστα
1065 3085 1121 3131 τῶν
1143 3093 1197 3142 σομ-

194 3146 398 3217 βουλευμάτων,
415 3142 457 3207 oie
471 3145 605 3213 ὤρθωσεν
619 3146 768 3200 ὑπατεύων
781 3145 832 3216 τὴν
846 3145 980 3214 πατρίδα,
998 3146 1069 3215 μετὰ
1081 3145 1198 3202 Ποπλίου

193 3215 327 3287 Νιγιδίου
355 3226 405 3271 τοῦ
433 3215 590 3285 φιλοσόφου
618 3221 775 3272 συνθεῖναι.
820 3219 895 3272 Ptat.
916 3219 971 3274 Cic.
986 3224 1024 3274 20
1052 3217 1151 3290 ὁμοίως
1174 3213 1197 3270 ὄλ

194 3289 369 3359 [παρώξυνεν
388 3286 537 3355 Κικέρωνα
562 3290 608 3343 ἐπὶ
632 3289 699 3351 τοὺς
724 3288 843 3360 ἄνδρας]
872 3291 920 3344 καί
943 3287 1065 3353 Κόιντος
1090 3290 1105 3344 ὃ
1129 3291 1197 3342 ἀδελ-

194 3361 248 3428 φὸς
266 3361 314 3414 καί
337 3369 392 3414 τῶν
416 3359 472 3414 ἀπὸ
497 3357 666 3428 φιλοσοφίας
689 3358 808 3427 ἑταίρων
826 3358 953 3422 Πόπλιος
970 3359 1112 3430 Νιγίδιος,
1134 3352 1198 3432 pirri

194 3433 307 3485 πλεῖστα
327 3432 375 3484 καί
394 3428 508 3500 μέγιστα
526 3429 604 3497 παρὰ
623 3431 673 3494 τὰς
690 3431 835 3493 πολιτικὰς
853 3434 951 3557 sportae
970 3432 1096 3499 πράξεις.

266 3505 290 3554 5.
311 3501 364 3555 Cic.
379 3503 417 3555 ad
431 3503 489 3556 Aa.
503 3507 531 3569 2,
539 3507 594 3568 2,3
614 3502 651 3572 [a.
668 3503 780 3576 694l60]
799 3504 849 3556 sed
888 3519 937 3557 eus
956 3506 998 3570 tu,
1017 3504 1120 3572 ecquid
1133 3503 1198 3556 rides

195 3569 335 3623 Kalendas
362 3571 463 3639 venire,
489 3573 642 3626 Antonium
666 3591 721 3628 non
745 3575 857 3629 venire?
893 3573 1002 3629 iudices
1026 3576 1109 3647 cogit
1142 3589 1198 3628 nsn
