2504 3904
161 192 229 257 560
329 193 533 247 Grammatiaae
554 193 656 247 aetatis
675 193 837 262 Augusteee
855 192 1014 262 fragmenta

229 469 308 527 inter
330 468 495 544 proiectum
519 472 548 528 et
571 469 737 529 immissum
760 469 816 528 hoo
838 470 981 528 interesse
1004 470 1046 527 eit
1066 466 1160 538 Labeo,

161 557 244 632 quod
271 558 437 633 proiectum
467 560 544 618 esset
571 559 604 617 id
631 557 711 634 quod
737 559 782 617 ita
810 559 1021 633 proveheretur
1047 561 1079 615 ut
1104 574 1161 614 nua-

162 665 253 721 quam
275 649 481 722 requiesceret,
504 649 608 722 qualia
630 647 788 706 maeniana
807 650 838 707 et
856 647 1043 725 suggnmdae
1066 649 1161 718 essent,

161 735 327 795 immissum
342 738 448 810 autem,
468 735 547 813 quod
566 739 611 795 ita
624 737 708 795 fieret
721 740 756 795 ut
772 737 872 813 aliquo
891 736 957 795 loeo
974 737 1162 812 requiesceret,

134 825 256 888 sveluti
280 826 365 902 tigna
388 825 546 901 trabesque
569 825 800 884 inmitterentur.

233 916 275 968 Di
293 956 299 968 .
319 919 529 982 50,1o,242,1
557 915 703 970 Iavolenus
727 915 798 969 libro
822 915 945 970 seeundo
964 931 999 969 ex
1019 911 1162 984 posteriori-

164 985 214 1039 bus
233 933 380 1041 Labeonis.
401 1019 434 1027 -
453 1001 512 1041 trater
527 1001 650 1050 proieotnm
663 1018 691 1028 -
704 1001 859 1042 tnmitteretar.

163 1164 187 1218 C
233 1097 249 1145 5
268 1094 302 1146 tr.
318 1108 390 1160 quae
408 1093 598 1148 inmitteretur
612 1094 689 1149 codd.
708 1094 857 1161 trabesque
873 1109 946 1162 quae
960 1093 1164 1146 immitterentur

184 1181 274 1218 *rumor

592 1248 633 1302 10
656 1238 748 1325 [119]

229 1350 353 1409 viduam
375 1370 435 1409 non
454 1351 551 1410 solum
570 1370 644 1425 eam,
668 1370 743 1426 quae
763 1351 925 1427 aliquando
948 1354 1044 1426 nupta
1065 1349 1168 1420 fuisset,

162 1439 213 1498 sed
244 1458 310 1498 eam
340 1459 459 1515 quoque
491 1441 659 1515 mulierem,
693 1459 768 1516 quae
797 1441 897 1499 virum
926 1459 986 1498 non
1018 1439 1168 1508 habuisset,

163 1528 310 1603 appellari
335 1529 378 1586 ait
396 1528 504 1604 Labeo,
528 1532 598 1605 quia
616 1530 707 1589 vidua
731 1530 773 1588 sio
797 1530 877 1588 diota
901 1531 946 1587 est
970 1530 1055 1605 quasi
1076 1545 1169 1586 vecors

162 1635 297 1691 vesanus,
317 1618 370 1692 qui
389 1618 451 1675 sine
471 1619 557 1677 eorde
576 1623 629 1678 aut
647 1619 775 1677 sanitate
795 1629 887 1694 esset3
906 1618 1045 1678 similiter
1057 1617 1171 1676 viduam

134 1705 274 1766 adieram
297 1725 359 1765 esse
383 1707 446 1765 sine
470 1709 594 1766 duitate.

232 1797 276 1850 Di
293 1837 299 1850 .
320 1801 364 1861 50,
379 1802 422 1863 16,
436 1800 501 1864 242,
516 1802 534 1852 3
551 1797 697 1851 Iavolenus
720 1796 793 1850 libro
817 1796 940 1850 seeundo
966 1813 1001 1850 ex
1019 1794 1172 1866 posteriori·

161 1867 214 1920 bus
234 1814 378 1921 Labeonis.
400 1901 433 1908 -
452 1883 544 1922 nouam
558 1901 585 1908 -
598 1883 690 1924 euroeae.

519 2098 703 2154 mesurae
723 2098 824 2152 SEDIS

473 2236 513 2291 11
542 2227 604 2312 [De
626 2234 690 2292 iure
708 2237 789 2306 pont.
811 2226 867 2311 19]

230 2339 350 2398 oliviam
374 2358 491 2415 quoque
515 2359 600 2398 avem
625 2340 814 2416 abantiquis
837 2340 1023 2398 nominatam
1046 2339 1172 2397 animad-

160 2431 245 2488 verto
274 2428 421 2507 ignorari,
451 2429 573 2506 quidam
601 2429 809 2490 clamatoriam
837 2428 955 2505 dieunt,
985 2427 1084 2488 Labeo
1111 2447 1172 2505 pro·

163 2519 345 2577 bibitoriam.

235 2609 309 2662 Plio.
324 2625 351 2660 a.
366 2609 392 2662 b.
408 2612 451 2672 10,
466 2612 502 2662 37
521 2622 834 2670 obviam-prohibitoriam.
862 2608 946 2662 Paul.
963 2607 1035 2661 Fert.
1045 2624 1077 2676 p.
1092 2611 1173 2672 64,10

160 2679 247 2732 clivia
267 2678 393 2747 auspicia
412 2677 553 2744 dicebant,
573 2695 646 2746 quae
661 2678 770 2747 aliquid
789 2679 849 2732 fieri
863 2678 1065 2746 prohibebant,
1085 2679 1172 2732 omnis

163 2751 238 2802 enim
257 2749 386 2803 difficilia
405 2748 490 2802 clivia
509 2750 655 2817 vocabant,
674 2750 748 2804 unde
768 2753 796 2804 et
815 2749 880 2803 clivi
898 2749 962 2804 looa
981 2749 1078 2802 ardua.

450 2902 493 2958 12
516 2894 580 2978 [Ao
597 2906 692 2974 praet.
715 2903 791 2973 offic.
812 2894 891 2979 116]

230 3009 351 3085 cognati
370 3007 515 3084 appellati
534 3009 605 3065 sunt
624 3009 709 3082 quasi
728 3025 763 3065 ex
781 3025 841 3066 uno
860 3009 925 3065 nati
944 3009 1005 3082 aut,
1026 3011 1062 3065 ut
1080 3007 1175 3067 Labeo

161 3097 214 3168 ait,
239 3099 324 3170 quasi
347 3114 501 3155 commune
523 3096 664 3156 nascendi
686 3096 805 3154 initium
828 3095 995 3155 habuerint.

233 3193 300 3263 Die.
320 3199 366 3259 38,
380 3199 406 3259 8,
421 3200 476 3259 1,1
511 3193 648 3264 Ulpianus
674 3195 746 3249 libro
773 3194 1009 3264 quadragensimo
1037 3199 1116 3249 sexto
1145 3197 1177 3250 ad

162 3263 294 3316 edictum.
315 3295 348 3304 -
367 3279 459 3328 oognati
477 3268 571 3319 nubem
591 3291 640 3329 app.
655 3299 682 3306 -
695 3281 822 3322 habuerint.

449 3398 490 3453 13
514 3390 579 3475 [Ad
594 3403 691 3470 praet.
714 3401 790 3471 offla.
812 3394 891 3479 114]

230 3496 308 3555 inter
329 3499 440 3557 donum
464 3505 494 3558 et
517 3522 624 3563 munus
647 3505 702 3564 hoo
725 3508 859 3581 interest,
883 3506 963 3582 quod
987 3507 1066 3566 inter
1088 3527 1176 3586 genus

161 3582 194 3636 et
225 3585 368 3658 speeiem,
403 3606 471 3645 nam
504 3609 597 3664 genus
630 3611 692 3652 esse
722 3594 834 3653 donum
864 3595 964 3655 Labeo
995 3615 1014 3655 a
1044 3597 1176 3658 donando
