2444 3902
396 175 434 229 M.
453 175 599 231 Terentius
618 175 706 231 Varro
994 177 1056 242 197

478 338 617 424 eoin]

110 449 205 513 Varro
224 451 260 510 de
278 452 384 529 lingua
401 451 511 511 Latina
530 454 575 511 ait
596 453 672 511 talia
696 472 730 511 ex
750 451 861 512 Graeco
886 456 1005 529 sumpta
1024 472 1060 512 ex

46 540 207 599 masculino
217 541 252 612 ,in
267 541 445 599 femininum
463 544 591 600 transim
606 544 636 600 et
650 561 667 600 a
681 542 784 601 littera
800 541 892 600 finiri:
912 538 928 601 ὁ
941 542 1059 621 κοχλίας

45 627 116 687 haec
130 631 258 705 cochlea,
273 626 407 710 ὁχάρτης
420 631 493 690 haec
508 631 620 705 charta,
635 627 815 711 ὁγαυσάπης
828 631 902 690 haec
916 650 1058 709 gausapa.

115 729 201 783 Pn'oc.
217 746 246 797 p.
267 732 362 796 333,9
388 729 578 797 antiquissimi
602 761 635 770 -
655 731 684 783 et
706 729 753 783 hio
776 745 913 798 gausapae
938 731 966 782 et
989 729 1059 784 haee

47 815 168 868 gausapa
186 803 214 853 et
232 800 286 854 hoc
303 815 429 869 gausape
452 803 482 854 et
499 799 608 870 plurale
631 800 724 854 neutri
742 799 813 855 haee
832 817 959 871 gausapa
977 801 1059 869 quasi

47 885 63 920 a
80 871 251 924 nominativo
273 871 327 924 hoc
346 887 503 941 gausapum
520 871 672 941 protulisse
689 871 877 938 inveniuntur,
900 872 974 926 unde
994 871 1058 926 Cas-

47 940 102 992 sius
122 941 159 994 ad
176 941 380 996 Maecenatem:
403 943 541 1013 ‘gausape
559 959 700 1013 purpureo
720 943 879 998 salutatne'.
903 959 976 998 varro
994 960 1058 998 vero

47 1025 73 1064 de
90 1027 168 1078 lingna
185 1045 211 1053 -
229 1029 285 1068 haec
304 1039 408 1078 gausapa.
452 1014 532 1069 Char.
555 1032 584 1083 p.
605 1019 700 1080 104,9
728 1017 772 1084 (=
792 1015 869 1069 Ptin.
894 1015 956 1070 d‘ttb.
980 1032 1057 1070 8erm.

44 1101 71 1150 p.
87 1087 132 1152 67,
145 1087 232 1154 2113.)
251 1101 378 1155 gausapa
397 1084 513 1140 Ovidius
532 1086 699 1140 neutraliter
717 1085 789 1140 dixit
808 1087 868 1158 [ars
886 1105 938 1140 am.
950 1090 978 1154 2,
991 1091 1046 1142 300

49 1153 183 1224 ‘gausapa
201 1157 225 1210 si
245 1157 376 1226 sumpsit,
401 1174 528 1228 gausapa
548 1158 680 1226 sumpta',
709 1161 737 1212 et
757 1155 868 1213 Cassius
888 1157 1002 1212 Severus
1022 1175 1039 1211 a

49 1224 234 1282 Maecenatem
260 1228 397 1297 ‘gausape
421 1245 561 1298 purpureo
585 1228 744 1283 salutatus’.
788 1229 838 1284 sed
860 1230 1005 1299 Augustus
1029 1229 1058 1282 in

49 1297 223 1354 testamento:
254 1300 414 1370 ‘gausapae
442 1299 547 1354 lodices
574 1317 728 1368 purpureas
757 1303 786 1356 et
814 1299 931 1355 eolorias
959 1301 1058 1354 meas’.

50 1366 133 1423 Varro
155 1373 249 1425 antem
273 1371 314 1424 ait
339 1371 476 1425 vocabula
499 1387 533 1426 ex
553 1371 659 1425 Graeco
678 1374 804 1442 sumpta,
828 1372 852 1426 si
870 1389 951 1425 snum
970 1387 1057 1443 genus

51 1455 102 1493 non
120 1442 265 1510 retineant,
287 1459 321 1496 ex
339 1443 495 1497 masculino
514 1443 543 1496 in
562 1442 729 1497 femininum
747 1443 836 1497 latine
854 1443 975 1497 transire
994 1445 1022 1496 et
1042 1459 1059 1495 a

51 1509 142 1566 littera
158 1513 311 1580 terminari,
330 1513 408 1568 velut
426 1511 539 1584 κοχλίας
557 1515 680 1582 cochlea,
695 1512 806 1584 Ἑρμῆς
823 1514 933 1576 herma,
957 1513 1059 1584 χάρτης

51 1581 151 1651 charta,
173 1601 239 1656 ergo
258 1585 405 1655 γαυσοίπης
423 1601 558 1655 ςευεωρα.
591 1587 625 1653 of.
647 1586 896 1654 Cleor.p.108,4.
920 1585 1006 1641 Sahal.
1028 1588 1059 1639 ia

52 1653 123 1709 Pera.
141 1660 165 1723 4,
178 1661 222 1711 37.
243 1662 270 1722 6,
283 1661 327 1711 46.
349 1657 434 1712 OGL
453 1658 508 1711 ΠΙ
524 1662 607 1724 93,1.

119 1766 241 1817 laumta
260 1765 422 1835 Iasoni-But.
481 1765 527 1836 ex]
547 1766 575 1819 et
594 1766 685 1820 Parta.
706 1768 779 1819 7496
793 1791 827 1810 =
842 1765 870 1819 R
931 1761 1058 1818 2alitt.

54 1832 129 1887 Char.
144 1834 258 1904 alitarea
273 1837 300 1890 R
315 1838 344 1888 et
362 1851 396 1890 aa
414 1835 510 1889 littera
528 1837 560 1890 ia
577 1853 629 1906 my.
648 1854 664 1890 r
683 1835 800 1890 aliterea
820 1836 908 1892 Oarol.
929 1835 1011 1889 aliter
1025 1852 1059 1889 ea

55 1903 245 1961 Bamaliana.
266 1908 350 1962 Halo.
371 1907 453 1978 Sauo.
474 1908 637 1978 Laod-But.
718 1908 877 1962 ΚΟΧΛΕΑΕ
895 1907 1058 1977 IqueBut.

54 1993 203 2050 rorasse
232 1997 322 2052 carol.
370 1997 513 2050 uoculae
542 1998 585 2052 ar
614 1985 757 2052 uouluc
784 1996 870 2052 Haeo.
928 1995 1059 2050 aeteus

55 2062 174 2121 RBaoat.
193 2068 280 2122 Halo.
300 2067 389 2121 coelia
407 2069 492 2122 Bora.
511 2068 595 2138 Sauo.
615 2069 778 2140 IaayaBat.
876 2069 1011 2121 ΧΑΡΤΕΟ
1031 2069 1059 2123 R

55 2137 143 2190 cartha
157 2139 183 2193 R
255 2138 443 2193 ΓΑῩΟΑΠΕΕ
462 2140 561 2194 Bamb.
581 2140 666 2194 Halb.
686 2139 770 2210 sacy.
791 2139 879 2194 Oorol.

477 2275 520 2332 27
561 2276 602 2330 16

114 2396 162 2437 vas
184 2379 347 2438 terminata
370 2382 400 2437 et
423 2381 463 2438 sis
486 2266 762 2458 iaciiint]genetivo
787 2380 817 2437 et
839 2379 897 2438 dis:
927 2379 982 2437 hoc
1005 2397 1058 2438 vas

54 2462 133 2525 huius
153 2470 240 2543 vasis,
264 2468 313 2527 hio
335 2487 388 2528 vas
411 2469 499 2527 huius
523 2469 616 2527 vadis.
657 2472 818 2544 utrumque
836 2467 933 2528 Varro
957 2470 1000 2526 ait
1022 2468 1057 2526 de

53 2551 147 2632 lingua
167 2557 285 2616 Latina.

116 2653 193 2710 Prot.
213 2656 283 2710 cath.
299 2673 329 2725 p.
345 2659 390 2722 30,
403 2659 441 2710 27
463 2682 502 2712 va·
516 2671 765 2712 aminea-nanno.
796 2656 891 2711 Cicero
911 2657 972 2728 [pro
991 2656 1056 2711 Sat.

55 2724 107 2795 19]:
127 2725 217 2780 ‘vultu
230 2729 377 2793 tamquam
390 2725 482 2782 vade’.
503 2729 585 2784 Prot.
600 2729 669 2784 cath.
680 2746 710 2798 p.
726 2732 822 2795 19,16
839 2745 886 2781 vas
905 2726 1057 2781 terminata

53 2793 142 2850 tertiae
160 2799 226 2851 sunt
245 2797 450 2864 declinationis,
471 2799 509 2854 sis
527 2800 570 2854 vel
590 2800 634 2854 dis
652 2799 762 2853 faciunt
780 2797 923 2869 genetivo:
943 2815 991 2852 vas
1010 2814 1056 2851 va-

53 2865 85 2918 sis
107 2867 251 2922 Terentius
278 2869 326 2940 [tt.
352 2873 409 2924 tim.
429 2871 493 2942 141]
520 2872 582 2924 ‘nec
606 2888 656 2940 vas
681 2887 733 2925 nec
758 2870 980 2934 vestimentnm’3
1008 2885 1057 2922 vas

53 2938 121 2994 vedis
143 2939 238 2994 Cicero
275 2958 305 3010 p.
326 2941 392 2997 Soet.
413 2943 459 3013 19]
490 2943 646 3010 ‘tamquam
673 2942 755 2996 vade'
785 2943 814 2996 et
842 2941 866 2994 si
893 2956 950 3008 qua
976 2939 1056 2993 talia.

52 3010 132 3133 golein
152 3013 229 3066 Moe.
285 3019 319 3067 ot.
340 3013 401 3068 Sao.
412 3031 442 3082 p.
457 3017 522 3079 482,
538 3017 562 3066 7.
577 3013 611 3080 cf.
631 3014 711 3068 Beda
730 3013 797 3068 ortle.
814 3029 843 3080 p.
858 3015 923 3077 293,
938 3016 980 3065 31.
1008 3012 1057 3065 Al·

71 3082 99 3135 te.
114 3101 141 3152 p.
156 3087 219 3150 312,
232 3087 278 3138 21.

115 3197 127 3242 1
151 3190 204 3245 hoo
227 3207 277 3244 vas
299 3190 326 3243 h.
351 3209 389 3257 v.;
411 3191 561 3257 utiumque
580 3190 613 3244 V.
638 3206 662 3244 a.
687 3189 721 3244 de
744 3189 763 3243 l.
782 3189 825 3245 Ia:
848 3189 895 3243 hic
918 3206 966 3243 vas
986 3189 1012 3242 h.
1033 3205 1057 3242 v.

57 3258 175 3316 Vindot..·
193 3280 242 3316 aaz.
262 3261 377 3332 Speupel

476 3379 519 3436 28
544 3371 616 3457 [24]

111 3484 267 3543 seeundum
287 3482 453 3544 Varronem
476 3484 573 3544 senior
595 3488 625 3543 et
647 3484 746 3542 iunior
769 3482 965 3558 comparativi
989 3484 1058 3540 sunt

57 3587 100 3642 per
118 3573 352 3632 inminutionem.
