2480 3904
159 171 224 236 438
308 172 513 227 Grammaticus
533 173 635 227 aetatis
654 173 845 229 Varronianae
865 175 1025 246 fragmenta

622 343 640 400 5
664 337 713 422 [e]

226 467 366 540 eompita‚
385 468 419 522 ut
438 465 577 526 Trebatio
596 466 703 542 planet,
727 468 810 526 loeus
830 487 866 525 ex
884 469 1020 544 pluribus
1037 468 1151 544 pertibus

158 555 191 614 in
223 572 254 614 se
286 555 335 613 vel
367 554 399 612 in
431 553 547 613 easdem
582 557 683 630 partes
716 575 751 615 ex
783 575 813 614 se
846 557 912 616 vias
946 561 1034 634 atque
1062 558 1152 617 itinere

159 643 300 720 dirigens,
319 645 382 704 sive
399 645 426 702 is
445 662 512 702 eum
535 663 588 703 ara
611 647 673 704 sive
692 645 755 704 sine
775 664 836 720 ara,
855 647 919 706 sive
937 647 991 706 sub
1010 650 1085 706 teoto
1105 648 1154 705 sive

72 775 73 780 η
159 733 214 792 sub
238 733 307 792 divo
331 734 379 808 sit,
402 731 455 791 ubi
478 735 590 810 pagani
613 736 744 812 agrestes
766 733 876 793 bnoina
898 737 1055 795 eonvoonti
1076 735 1155 795 solent

134 823 241 881 saeua
267 823 343 880 inire
371 822 511 896 eoncilia3
543 822 613 880 hino
640 825 670 881 et
697 823 774 882 lares
805 823 1003 899 compitalicii
1026 828 1056 884 et
1079 825 1155 882 feriae

159 910 385 986 compitalieiae.

229 1026 301 1081 Serv‘.
327 1029 403 1082 Dan.
427 1046 452 1099 q.
475 1031 503 1093 2,
518 1031 571 1082 383
600 1044 697 1092 compita
720 1063 747 1070 -
769 1044 939 1092 oompitalinlee.
976 1031 1011 1096 cf.
1037 1031 1117 1086 Varro
1132 1030 1157 1082 dt

158 1099 175 1152 l.
195 1099 229 1152 L.
250 1101 335 1166 6‚25.
350 1101 393 1153 43.
423 1099 505 1153 Paul.
528 1098 600 1154 Fati.
615 1117 645 1169 p.
661 1105 705 1167 40,
721 1104 746 1154 3.
772 1161 774 1164 ,

166 1211 170 1216 ’
232 1229 244 1274 1
265 1224 298 1276 nt
315 1222 429 1276 relatio:
449 1241 496 1278 em.
512 1223 665 1280 Salmasius
738 1233 753 1278 5
774 1224 948 1296 compitalici

514 1437 696 1493 INCERTAE
716 1438 817 1494 sums

570 1593 590 1649 6
614 1583 662 1668 [p.
684 1585 762 1670 424]

225 1731 243 1770 a
266 1733 372 1790 genere
397 1715 558 1790 quaerendi
581 1718 752 1790 quaestores
783 1719 871 1786 initio
894 1716 990 1776 diotos
1015 1720 1045 1776 et
1066 1717 1158 1775 Iunius

159 1794 210 1880 [fr.
232 1797 264 1882 1]
289 1805 320 1862 et
343 1803 499 1864 Trebatius
524 1807 554 1863 et
576 1805 742 1863 Fenestella
766 1806 907 1864 scribunt.

229 1919 295 1989 Dip.
315 1924 404 1987 1,13,
424 1926 480 1988 1,1
499 1919 636 1990 Ulpianus
660 1921 732 1975 libro
758 1921 896 1991 singulari
919 1922 954 1976 de
977 1921 1069 1976 officio
1086 1937 1159 1988 quee-

158 1989 248 2043 etoris.
269 2021 302 2030 ·-
322 1994 351 2045 et
369 2017 383 2045 a
396 2017 476 2056 genere
490 2024 516 2030 —
530 2007 634 2046 scabunt.
671 1994 705 2058 of.
721 1994 785 2046 Inus.
808 1993 921 2048 Grooob.
941 1994 958 2047 l.
972 2010 995 2048 o.

540 2321 794 2409 santulus

229 2509 361 2576 Saufeius
392 2509 462 2564 idem
495 2525 548 2564 esse
574 2508 683 2563 uidemi-
709 2515 790 2577 atque
817 2525 895 2578 eques
922 2510 1066 2564 Rumor
1083 2505 1156 2562 Attin

157 2581 322 2648 fammaris,
344 2582 447 2649 dequo
466 2581 500 2647 ef.
521 2580 601 2634 eoru.
620 2581 691 2650 Nep.
711 2581 770 2635 An.
787 2583 863 2647 12,3
882 2586 907 2634 et
927 2580 981 2636 Cio.
1001 2581 1038 2634 ad
1056 2582 1107 2633 An.
1120 2581 1155 2638 14,

158 2657 233 2719 18,4
251 2653 287 2706 al.
308 2653 352 2722 (ef.
372 2653 532 2717 Drumona,
553 2651 644 2706 Geseb.
667 2652 751 2706 Rome
770 2655 795 2717 5,
811 2654 863 2719 78).

491 2846 540 2900 EX
558 2845 715 2901 INCERTO
735 2845 842 2902 LIBRO

532 2991 680 3077 [HRR1
700 2991 797 3076 Peter]
865 3046 868 3050 .

225 3123 362 3184 Saufeius
376 3122 498 3182 Latium
517 3122 630 3181 dietum
649 3124 701 3197 ait,
721 3122 798 3197 quod
817 3121 861 3180 ibi
878 3122 1032 3182 latuerant
1049 3121 1155 3186 nune,

158 3216 211 3291 qui
234 3215 376 3289 quoniam
397 3215 430 3270 in
453 3213 533 3270 cavis
556 3211 704 3270 montium
726 3211 774 3270 vel
798 3211 922 3270 oeeultis
947 3215 1088 3271 'caventes
1109 3207 1157 3268 sibi

159 3323 178 3364 a
208 3305 281 3361 feris
312 3302 407 3360 beluis
439 3301 486 3360 vel
519 3319 537 3358 a
569 3299 783 3359 valentioribus
815 3300 862 3359 vel
895 3319 913 3358 a
944 3298 1155 3377 tempestatibus

158 3390 370 3465 habitaverint,
400 3386 501 3448 Cascei
528 3389 628 3447 vocati
650 3392 729 3462 sunt,
759 3406 831 3464 quos
858 3391 972 3464 posteri
994 3389 1156 3466 Aborigines

132 3478 414 3551 soognominarunt,
437 3476 579 3550 quoniam
602 3477 639 3535 ab
662 3480 700 3536 iis
724 3478 804 3537 ortos
828 3495 891 3536 esse
913 3477 1155 3557 recognoseebnut

160 3579 194 3617 ex
218 3562 323 3634 quibus
346 3562 470 3620 Latinos
494 3565 584 3621 etiam
608 3565 710 3624 dictos,
