2442 3902
165 195 232 261 400
316 195 522 250 Grammaticae
541 195 643 249 aetatis
663 187 855 250 Varronianae
873 196 1033 265 fragmenta

165 359 279 413 crimine
302 373 397 412 cocum
421 358 521 411 ‘tertio’
547 362 572 411 ct
587 357 718 410 ‘tertiana'
735 357 830 440 disput
819 359 896 422 t,aeit
914 358 971 411 sive
985 363 1087 411 ιιιιιιιινι
1099 355 1164 409 nodo

165 430 199 483 de
217 431 347 498 Pompeio
365 429 607 483 narratiunculam
626 429 765 512 esposuit,
787 444 820 481 ee
842 429 891 482 hoc
909 434 935 482 et
951 430 1085 496 superiore
1101 427 1164 496 froo-

165 507 254 554 mento
269 507 426 572 pateream
444 501 482 553 od
503 506 640 571 qrammat
641 501 699 553 icae
721 500 920 566 rhetoricaeque
945 504 1100 570 occurrente
1112 515 1163 566 per·

166 573 314 627 arctando
332 572 465 640 epistolis,
484 578 515 624 ot
530 571 679 634 Varronem
698 576 724 624 ct
739 570 869 641 Valys'um
887 571 1006 637 Rufmn,
1023 587 1098 625 νινιιι
1113 585 1163 622 esec

239 685 254 733 3
273 678 492 733 inscriberentur
510 677 660 746 coaptares
678 677 754 732 codd.
860 682 893 730 13
912 677 935 748 t]
961 677 1077 730 tercium
1093 677 1161 730 Rea.

167 752 259 806 Perse.
285 752 358 805 Voss.
374 750 438 803 Lat.
456 749 484 803 F
502 753 519 802 7

406 945 454 998 De
474 944 561 997 VITA
579 944 617 998 M.
633 944 740 998 TULLI
759 943 947 999 CICERONIS

517 1098 538 1154 e
562 1089 717 1175 [neae
739 1091 836 1175 Peter]

235 1223 282 1279 lib.
306 1221 364 1280 IV.
412 1221 446 1280 de
475 1223 650 1296 oppugnata
683 1221 770 1280 domo
802 1214 853 1300 [L.
875 1214 1008 1299 Caecilii]
1036 1233 1163 1292 nusquam

168 1311 264 1370 adhuc
294 1310 368 1388 legi3
401 1309 560 1386 Pompeius
589 1317 705 1384 tamen,
743 1329 811 1368 cum
841 1309 1012 1368 defenderet
1041 1307 1164 1366 Milonem

168 1400 249 1476 apud
263 1399 405 1476 populum
417 1398 452 1458 ds
467 1401 498 1457 vi
508 1402 666 1458 accusante
678 1398 790 1474 Clodio,
806 1399 915 1458 obiecit
929 1392 996 1478 [st],
1010 1401 1042 1456 ut
1055 1397 1165 1472 legimus

168 1490 249 1565 apud
277 1489 416 1549 Tironem
448 1488 589 1547 libertum
615 1489 763 1548 Ciceronis
795 1490 826 1546 in
858 1481 936 1546 libro
963 1485 1026 1545 1111
1054 1484 1085 1543 de
1111 1483 1165 1540 vita

141 1580 241 1653 seius,
267 1597 441 1654 oppressum
463 1573 524 1656 (a)
549 1577 652 1636 Clodio
676 1577 709 1635 L.
735 1577 896 1636 Caecilium
918 1579 1089 1651 praetorem.

239 1679 339 1732 Aaron.
358 1679 389 1731 ι’νι
409 1665 510 1731 Milon.
525 1695 556 1746 p.
571 1681 607 1730 43
622 1677 692 1732 K-S.
712 1690 739 1730 ec
754 1692 884 1738 oppugnata
898 1707 925 1714 -
937 1691 1066 1738 praetorem.

240 1789 255 1836 3
275 1784 387 1838 obstitit
405 1785 434 1837 et
451 1785 495 1837 ut:
515 1800 563 1837 em.
580 1783 698 1854 Madoiq
716 1791 742 1837 et
760 1784 859 1837 Baiter
931 1789 946 1834 5
967 1797 984 1832 a
1003 1781 1064 1836 add.
1081 1756 1131 1848 aa

609 1927 743 2013 †9[1]

237 2050 267 2110 0.
293 2049 401 2110 Caesar
423 2050 455 2108 in
479 2049 650 2125 consulatu,
680 2068 768 2124 quem
796 2063 863 2109 cum
885 2049 925 2108 M.
950 2049 1056 2108 Bibulo
1081 2045 1166 2124 gessit,

170 2142 313 2216 quattuor
341 2136 419 2198 solos
443 2141 526 2197 extra
555 2139 689 2197 ordinem
711 2157 833 2216 rogasse
861 2139 1037 2198 sententiam
1064 2135 1164 2194 dicitur.

169 2249 204 2288 er
227 2229 273 2288 his
298 2231 440 2304 quattuor
463 2229 627 2304 principem
650 2228 778 2304 rogabat
800 2229 839 2287 M.
860 2226 1009 2303 Crassum,
1032 2226 1080 2286 sed
1099 2223 1164 2300 post·

170 2315 260 2394 quain
286 2317 381 2377 filiam
405 2317 456 2377 On.
480 2317 622 2393 Pompeio
651 2317 861 2393 desponderat,
891 2318 1022 2394 primum
1048 2311 1165 2388 coeperat

169 2407 346 2484 Pompeium
380 2426 496 2483 rogare.
556 2407 618 2466 eius
655 2406 699 2464 rei
734 2409 883 2465 rationem
919 2405 1079 2466 reddidisse
1111 2417 1165 2458 eum

170 2499 289 2556 senatui
312 2497 382 2555 Tiro
406 2497 524 2555 Tullius
553 2495 591 2554 M.
617 2488 777 2556 Ciceronis
796 2495 922 2554 libertus
950 2495 1053 2569 refert,
1080 2493 1164 2564 itaque

170 2604 202 2646 se
226 2605 260 2644 ex
282 2589 410 2661 patrem
433 2605 486 2646 suo
511 2584 628 2644 audisse
652 2584 763 2644 scribit.

244 2685 312 2740 eelz.
327 2689 353 2750 4,
369 2689 411 2750 10,
426 2689 442 2738 5
462 2684 506 2754 [es
526 2684 606 2738 Ateio
625 2683 768 2754 Capitone]
787 2695 810 2736 o.
825 2695 905 2737 esem
919 2715 945 2722 -
958 2697 1041 2737 sonsa
1058 2681 1090 2748 cs.
1107 2677 1165 2732 Stod-

170 2757 226 2812 Ιιι.
240 2761 284 2812 ιι.

599 2847 622 2929 †
645 2855 686 2910 10
710 2845 759 2932 [3]

240 2962 330 3030 αὗταί
317 2967 435 3029 ίείσιν
467 2968 501 3027 αἱ
530 2933 683 3048 λεγόμεναι
724 2977 777 3046 τῆς
810 2965 988 3038 διαστάσεως
1027 2961 1166 3064 [OEocroat't

173 3064 199 3120 et
219 3053 384 3138 Terentiae]
409 3053 636 3166 εὐιιρειιέσιαιαι
659 3056 850 3137 προφάσεις.
869 3060 904 3139 τῇ
927 3051 959 3115 δὲ
979 3051 1110 3134 Τερεντίᾳ
1129 3041 1165 3106 sui

174 3148 282 3220 ταύτας
312 3144 482 3255 ἀρνουμένῃ
513 3141 649 3224 λαμπρὰν
679 3143 797 3222 εἰιοιήσε
827 3144 882 3223 τὴν
909 3141 1017 3222 dacto
1018 3144 1071 3204 ίαν
1095 3135 1166 3206 αὖτῡς

136 3231 139 3240 “
174 3236 286 3310 ἐκεῖνος
319 3229 379 3315 μετ’
412 3234 448 3296 οὐ
479 3233 575 3295 πολὺν
606 3231 713 3344 χρρνον
744 3234 840 3314 γήμας
872 3229 1082 3314 acedtvov‚‘
1067 3254 1103 3303 ως
1125 3221 1167 3306 μὲν

148 3323 194 3402 εὴ
229 3325 365 3404 Τεοενιία
397 3323 645 3402 κατεφήμιζεν,’
634 3322 718 3402 ε’ρωιι
749 3331 802 3401 τῆς
829 3320 971 3403 ὥρας,
955 3345 995 3395 ως
1027 3318 1058 3383 δὲ
1088 3317 1167 3394 Τίρων

176 3409 192 3470 ὁ
224 3421 276 3472 τοῦ
308 3409 476 3490 Κικέρωνος
508 3409 706 3521 ἀπελεύθερος
734 3409 893 3492 γέγραφεν,
921 3410 1061 3490 εὐπορίας
1087 3405 1167 3468 ἕνεκεν

175 3496 250 3573 πρὸς
277 3499 412 3558 διάλυσιν
440 3498 575 3558 δανείων
621 3491 659 3577 ἦν
686 3499 741 3580 γὰρ
771 3496 791 3577 ἡ
814 3507 886 3572 παῖς
908 3499 1026 3576 σφόδρα
1051 3493 1167 3566 πλουσία,

177 3581 227 3640 καὶ
257 3584 311 3660 τὴν
343 3583 448 3644 ουσίαν
478 3584 571 3664 αὐτῆς
601 3584 617 3646 ὁ
650 3587 829 3668 Kertonos
829 3613 847 3648 ν
879 3589 973 3648 πίστει
1004 3581 1168 3666 aequatae
