2480 3904
324 189 352 244 Ο.
368 189 486 260 Valgius
505 189 601 242 Rufus.
640 189 742 243 Gavius
761 189 864 242 Bassus
1034 189 1099 253 487

484 362 501 416 1
526 351 563 436 [3
581 351 704 436 Lerect]

151 474 287 532 oum.
334 473 516 533 divinatio
549 473 725 532 iudicium
757 473 980 550 appellatur,
1018 492 1101 548 quo·

81 564 181 622 niam
205 562 344 622 divinet
372 563 522 638 quodam
550 562 650 620 modo
677 562 783 620 iudex
807 564 965 639 oportet,
998 581 1101 636 quam

80 653 303 710 sententiam
327 669 402 711 sese
425 653 520 710 ferre
543 671 609 727 par
632 653 688 710 sit.

160 751 228 806 Gall.
247 755 274 816 2,
289 754 347 818 4,3
373 749 476 804 Gavius
502 749 612 803 Bassus¹
631 749 661 802 in
687 749 772 803 tertio
795 749 943 814 librorum,
971 766 1039 818 quos
1066 750 1100 802 de

82 821 195 891 origine
220 821 419 875 vocabulorum
445 822 614 890 composuit:
643 835 752 876 cinnano
778 820 871 888 inquit
895 835 1004 875 tuncrum
1021 853 1049 860 -
1066 835 1100 875 sis

81 893 170 946 nimis
197 893 311 960 quidem
337 895 380 946 est
405 893 435 945 in
459 892 550 946 verbis
574 891 646 946 Gavi
669 892 751 946 Bassi
777 892 851 947 ratio
878 891 1035 961 inperfecta
1058 892 1101 946 vel

81 964 176 1034 magis
194 964 275 1032 inops
295 966 324 1018 et
342 964 445 1017 ieiuna.
478 963 528 1017 sed
545 964 657 1017 videtur
677 966 772 1018 tamen
791 962 948 1033 significare
967 963 1040 1017 velle
1058 964 1101 1016 id-

82 1036 161 1090 circo
180 1035 237 1088 dici
256 1035 467 1101 divinationem,
487 1036 562 1103 quod
580 1035 610 1088 in
629 1034 693 1088 aliis
713 1035 827 1103 quidem
845 1035 937 1089 causis
956 1035 1041 1088 iudex
1059 1051 1100 1102 ea,

81 1106 675 1246 mppr]equiqpmtffl„
698 1105 1101 1247 tlmttltdddlttt

81 1252 135 1318 est,
155 1220 243 1318 paria
257 1221 409 1304 admodim
424 1251 452 1302 et
471 1249 555 1303 exilia
575 1252 648 1315 sunt,
668 1222 769 1316 quibus
784 1249 889 1303 moveri
903 1249 988 1302 iudex
1002 1249 1100 1317 possit,

83 1324 112 1374 et
130 1323 289 1389 propterea,
309 1321 424 1389 quinam
442 1321 533 1390 magis
553 1322 589 1374 ad
609 1321 796 1374 accusandum
815 1320 932 1374 idoneus
953 1321 997 1386 sit,
1019 1321 1101 1388 quasi

83 1392 268 1445 divinandum
300 1394 350 1446 est.
376 1392 446 1445 haec
478 1393 588 1446 Bassus.
637 1393 671 1458 cf.
697 1393 774 1446 Rhet.
799 1393 863 1446 Lat.
888 1395 953 1446 mia.
974 1396 1049 1458 97,1
1061 1393 1099 1446 H.

82 1465 241 1518 Pes-Ascoo.
260 1466 292 1518 in
311 1464 426 1519 divinat.
443 1480 471 1532 p.
487 1468 524 1517 99
532 1464 576 1519 Or.
616 1463 701 1519 0013
714 1463 763 1516 IV
779 1467 842 1530 333,
857 1468 899 1518 11.

157 1576 172 1622 2
193 1569 288 1623 divina

543 1653 566 1709 2
590 1645 638 1729 [7]

151 1766 169 1823 l.
193 1765 263 1824 VII.
310 1766 386 1824 dixit
414 1765 458 1824 ibi
488 1766 637 1842 quispiam
670 1765 824 1824 nobiscum
853 1765 956 1824 sedens
990 1767 1101 1825 amicus

82 1873 167 1914 meus
191 1853 222 1912 in
245 1854 322 1913 libro
340 1873 371 1914 se
390 1853 466 1914 Gavi
484 1854 520 1913 de
542 1855 657 1932 origine
679 1855 892 1914 vocabulorum
911 1854 970 1912 VII
993 1855 1100 1933 legisse

83 1946 164 2003 retas
187 1945 288 2002 vocari
311 1943 443 2021 arbores,
475 1962 551 2018 quae
576 1947 628 2002 aut
651 1945 724 2020 ripis
752 1944 909 2002 fluminum
937 1946 1102 2003 eminerent

85 2035 139 2090 aut
161 2033 194 2090 in
212 2033 305 2092 alveis
325 2052 426 2091 eorum
448 2037 591 2107 extarent,
615 2033 841 2109 appellatasque
862 2053 924 2092 esse
944 2053 962 2092 a
979 2034 1100 2110 retibus,

87 2121 165 2196 quod
186 2124 407 2197 praetereuntes
430 2141 521 2188 naves
544 2123 714 2197 inpedirent
732 2126 763 2180 et
782 2126 869 2198 quasi
891 2123 1055 2182 inretirent.
1116 2140 1128 2179 s

159 2220 374 2287 Gezl.11,17,2
392 2221 453 2273 tum
472 2221 502 2273 in
521 2221 644 2288 quodam
663 2220 756 2275 edicto
776 2221 935 2288 antiquiore
953 2221 995 2274 ita
1014 2221 1101 2289 scrip-

87 2295 146 2344 tum
158 2291 329 2344 invenimus:
351 2292 411 2359 ‘qui
425 2290 541 2344 flumina
558 2293 678 2345 retanda
696 2292 809 2360 publice
827 2292 974 2361 redempta
987 2291 1101 2357 habent,

86 2363 110 2416 si
129 2363 192 2429 quis
212 2378 307 2415 eorum
326 2363 362 2415 ad
381 2380 426 2417 me
445 2363 562 2417 eductus
581 2363 675 2430 fuerit,
695 2364 743 2431 qui
763 2364 874 2416 dicatur
892 2364 967 2430 quod
986 2381 1049 2416 eum
1069 2381 1102 2416 ex

85 2432 147 2503 lege
170 2433 319 2488 locationis
337 2433 429 2487 facere
449 2436 616 2503 oportuerit,
641 2452 696 2488 non
715 2434 837 2488 feoisse'.
874 2435 993 2487 retanda
1013 2435 1102 2504 igitur

85 2505 155 2572 quid
169 2507 243 2558 esset
257 2505 452 2572 quaerebatur.
481 2521 541 2560 uixit
553 2522 586 2561 ibi
595 2521 758 2570 -1nretirent;
777 2506 937 2573 idcircoque
953 2521 1013 2558 sese
1028 2506 1102 2559 arbi-

85 2577 154 2630 trari
173 2576 292 2629 retanda
314 2575 431 2629 flumina
454 2576 541 2631 locari
565 2578 649 2632 solita
668 2594 741 2643 esse,
767 2578 860 2631 idest
881 2578 1042 2646 purganda,
1066 2596 1101 2631 ne

85 2647 153 2716 quid
175 2649 224 2701 aut
242 2665 336 2702 morae
355 2650 406 2701 aut
424 2649 542 2716 periculi
566 2649 684 2702 navibus
708 2649 738 2700 in
757 2665 790 2701 ea
809 2648 933 2718 virgulta
952 2649 1102 2702 incidenti-

87 2718 139 2774 bus
158 2719 245 2773 fieret.
283 2720 318 2785 of.
338 2720 410 2773 Fert.
427 2737 456 2788 p.
476 2724 560 2787 273⁶,
576 2725 618 2774 34.
650 2721 734 2773 OGL
758 2720 784 2772 V
799 2724 863 2785 479,
878 2724 920 2773 54.
958 2723 991 2774 iti
1008 2722 1101 2788 fallor,

84 2791 182 2846 torum
200 2793 322 2845 omnium
340 2793 416 2861 oripo
435 2809 454 2844 o
475 2792 563 2847 Gauio
580 2792 725 2860 repetenda
743 2798 788 2845 cet.

158 2903 174 2950 2
197 2897 256 2967 gaii
280 2897 373 2952 Paris.
397 2903 466 2954 Μ
488 2898 567 2969 gabii
591 2900 688 2968 Regin.
713 2903 787 2952 1646
867 2897 918 2951 Vll
942 2916 992 2952 om.
1016 2899 1100 2952 Rern.

86 2970 179 3023 Poris.
200 2970 273 3023 Voss.
293 2970 358 3023 Lat.
373 2970 404 3022 F
420 2975 437 3023 7
528 2976 542 3023 3
562 2969 679 3024 refertas
699 2971 781 3024 iidem
799 2969 875 3024 codd.

543 3132 563 3188 3
589 3123 642 3208 [1]

153 3244 306 3323 ingeniose
324 3245 406 3305 visus
421 3249 466 3305 est
481 3243 592 3304 Gavius
607 3245 733 3303 caelibes
749 3245 844 3304 dicore
859 3245 954 3303 veluti
972 3243 1103 3319 caelites,

86 3333 167 3410 quod
196 3353 284 3394 onere
312 3336 488 3412 gravissimo
516 3338 634 3406 vacent,
667 3333 756 3408 idque
781 3331 893 3392 Graeco
926 3335 1101 3410 argumento

85 3424 178 3498 iuvit3
202 3420 326 3500 ἠϋθὲους
350 3426 429 3483 enim
452 3424 556 3482 eadem
579 3423 614 3482 de
638 3441 727 3482 causa
750 3422 809 3481 dici
833 3422 978 3482 adfirmat.

161 3521 254 3592 Quint.
270 3527 295 3587 1,
311 3527 337 3588 6,
352 3526 388 3577 36
412 3523 460 3590 qui
483 3538 548 3575 vero
572 3521 642 3574 talia
666 3521 839 3592 [veriloquio]
862 3520 942 3574 libris
963 3519 1101 3589 complexi

84 3597 153 3648 sunt
171 3594 286 3646 nomina
304 3611 355 3648 sua
374 3594 429 3663 ipsi
447 3594 659 3661 inscripserunt,
678 3607 851 3661 ingenioseque
870 3607 930 3647 visus
948 3625 975 3632 -
993 3607 1102 3646 adfirmes
