2442 3902
345 186 348 190 ·
400 157 437 212 M.
457 157 603 212 Terentius
622 157 711 212 Vento
999 156 1064 220 249

439 330 502 386 184
528 321 593 405 [34.
619 321 675 406 35]

101 461 208 518 neque
238 475 280 483 —
309 443 419 501 audent
443 443 559 518 aliquas
583 445 683 518 partes
707 442 778 501 deae
803 475 842 483 —
868 442 998 500 tiibuere
1022 473 1066 482 -

36 531 202 609 Volupiae,
228 551 303 607 quae
326 551 344 590 a
367 533 521 608 voluptate
545 533 697 607 appellata
721 534 774 605 est,
798 536 851 590 aut
871 531 1065 606 Lubentinae,

37 624 85 680 eui
106 639 227 680 nomen
250 624 295 680 est
318 641 336 679 a
358 621 488 679 libidine.

108 721 237 790 Aeones.
252 721 302 773 oio.
314 720 340 772 d.
355 723 409 786 4,8
423 745 497 782 nsque
511 734 577 788 ergo
592 719 622 772 in
636 717 690 772 hoo
703 720 763 772 tam
777 718 923 788 praeclaro
938 734 1022 787 opere
1036 719 1066 771 et

38 793 140 845 tentae
177 789 341 860 plenissimo
372 789 522 859 dignitatis
559 790 716 862 [imperium
744 790 895 874 dilatandi]
929 804 1012 844 auom
1039 820 1066 828 —

37 877 142 924 neonae.
181 863 268 917 Vorro
282 863 314 918 de
329 863 346 915 1.
361 863 396 916 L.
411 867 437 928 6,
452 865 488 916 47
511 861 547 914 ab
571 860 695 916 lubendo
718 861 822 928 libido,
845 860 1013 915 libidinosus
1033 876 1067 914 ae

38 933 137 987 Venus
159 932 311 986 Libentina
329 935 358 988 et
376 932 509 986 Libitina.
542 934 576 1000 of.
597 934 713 1004 Aoyost.
734 933 800 988 ibid.
820 938 903 1000 4,11.
940 933 1008 988 Tert.
1029 930 1067 986 ad

39 1013 97 1060 not.
116 1011 149 1071 2,
167 1010 209 1058 11.
242 1006 347 1060 Aroob.
362 1009 388 1072 4,
403 1009 427 1058 9.
461 1005 532 1060 Sero.
548 1005 625 1059 Dan.
641 1007 711 1059 Aen.
727 1009 753 1071 1,
769 1010 831 1059 720.

174 1325 224 1378 EX
242 1323 358 1378 LIBRIS
377 1324 426 1378 DE
446 1323 568 1379 GENTE
588 1324 718 1380 POPULI
737 1324 884 1379 ROMANI
902 1324 940 1378 IV

106 1484 188 1570 ¹opus
210 1470 342 1536 seriptmn
367 1475 406 1522 est
430 1485 455 1521 a.
477 1472 528 1521 711
533 1472 584 1538 s43
608 1470 652 1538 (os.
673 1470 839 1534 Momasson,
868 1469 948 1522 Rom:
967 1467 1065 1521 Oleros.

46 1540 272 1606 ‘A'
288 1539 1068 1680 7.)

438 1790 501 1847 185
526 1784 562 1868 [2
579 1784 676 1869 Peter]

115 1905 163 1963 lib.
182 1905 210 1962 I.
256 1905 361 1982 fagus
385 1923 473 1980 quas
497 1925 622 1982 graece
646 1903 785 1984 φηγοὺς
808 1906 947 1963 vocant.

120 2004 200 2059 osas.
211 2021 243 2072 p.
258 2007 320 2070 130,
335 2006 352 2056 5
372 2003 416 2071 (=
431 2004 507 2057 Plio.
522 2004 585 2058 dub.
599 2021 677 2058 serm.
691 2021 718 2072 p.
734 2009 777 2070 17,
792 2005 863 2072 913.)
881 2002 964 2071 fagus
978 2001 1067 2055 Varro

51 2074 85 2127 de
103 2076 187 2144 gente
205 2092 233 2143 p.
252 2074 285 2127 R.
298 2073 329 2127 'I:
348 2089 415 2138 sagus
428 2106 455 2113 -
469 2093 555 2129 vocant
1049 2127 1050 2130 ,
1090 2075 1092 2080 ’

462 2242 481 2316 †
509 2245 574 2302 zee
597 2237 646 2322 [e]

119 2361 147 2416 et
167 2359 233 2418 ideo
256 2377 311 2418 neo
328 2359 429 2418 Areon
451 2377 551 2436 pagon
569 2391 612 2399 —
631 2359 697 2417 vult
721 2352 861 2436 [Marcus
872 2355 979 2434 Varro]
999 2357 1068 2416 inde
1160 2347 1162 2351 ¹
1187 2355 1189 2359 ’

51 2448 194 2522 aooepisse
217 2467 334 2522 nomen,
358 2448 438 2523 quod
453 2448 543 2522 Mars,
563 2449 614 2523 qui
632 2443 841 2527 graeoe'iioog
860 2448 977 2523 dioitsn,
1002 2465 1069 2505 oum

50 2535 200 2596 homicidii
218 2537 340 2596 erimine
362 2555 430 2596 reus
448 2535 540 2612 fieret,
562 2536 763 2595 iudicantibus
787 2536 942 2596 duodecim
960 2537 1018 2596 <iiis
1036 2537 1069 2593 in

52 2643 88 2682 eo
109 2644 183 2704 pago
207 2645 258 2686 sex
280 2627 436 2686 sententiis
460 2625 613 2685 absolutus
633 2629 678 2686 est
697 2649 753 2700 —3
776 2626 827 2684 sed
846 2630 950 2686 eontra
968 2629 1067 2700 istem,

53 2731 127 2787 qnae
147 2715 242 2774 multo
265 2717 395 2791 amplius
418 2718 464 2774 est
486 2715 643 2791 celebrata,
667 2716 837 2791 opinionem
854 2716 952 2774 ¹aliam
975 2733 1095 2791 quan-5

53 2801 120 2860 dam
149 2804 184 2863 de
216 2803 409 2864 obscurarum
441 2807 551 2864 notitia
586 2805 755 2864 litterarum
786 2823 906 2865 oausam
939 2804 1067 2862 nominis

53 2889 137 2951 huius
164 2896 289 2953 oonatnr
316 2897 461 2969 astinem,
491 2913 528 2952 ne
558 2893 658 2952 Areon
685 2913 784 2971 pagon
808 2893 1003 2952 Athenienses
1032 2893 1067 2950 de

55 2982 167 3041 nomine
196 2983 302 3042 Mortis
337 2985 368 3043 et
401 2981 473 3060 pagi
503 2983 590 3060 quasi
619 2983 725 3042 Martis
757 2981 869 3061 p'agum
900 2982 1068 3041 nominasse

58 3069 217 3147 credantur,
240 3073 271 3130 in
292 3073 437 3130 iniuriam
459 3073 599 3132 videlieet
617 3073 781 3147 numinum,
805 3071 949 3147 aquibus
968 3071 1068 3148 litigia

57 3158 102 3215 vel
121 3161 229 3219 iudicia
252 3161 404 3220 existimat
427 3161 532 3220 aliena.
1085 3180 1110 3220 to

123 3260 238 3330 Aoyust.
257 3262 306 3315 eie.
327 3259 352 3312 d.
369 3265 464 3328 18,10
482 3263 511 3314 et
528 3275 580 3314 soso
594 3292 621 3300 -
635 3274 714 3314 anona.

479 3431 544 3488 187
583 3430 625 3488 18

120 3540 213 3604 Varro
232 3544 307 3604 dicit
326 3547 358 3602 in
377 3548 466 3622 gente
488 3423 594 3619 popuii
611 3422 739 3602 IAomani
760 3541 885 3600 Sabinos
904 3560 922 3598 a
940 3542 1068 3600 Romulo
