2444 3902
390 214 420 268 Ρ.
439 214 572 285 Nigidius
591 214 707 285 Figulus
992 215 1031 278 17
1035 215 1055 279 3

29 384 96 458 qui
128 383 356 442 mendacium
388 383 479 442 dicit
510 385 588 460 ipse
625 403 693 442 non
727 383 844 458 fallit,
882 387 1056 460 quantum

28 474 69 531 in
94 491 132 533 se
155 476 218 532 est.

110 571 181 626 Gen.
196 572 298 626 dua
319 571 388 625 item
406 570 459 624 hoe
478 570 602 625 addidit:
628 586 668 634 qur
680 599 709 626 m.
725 571 819 640 inquit
836 587 965 626 fauit-in
978 599 1002 627 se
1016 591 1054 627 oss.

468 715 527 781 31ὁ
567 726 609 782 49

103 827 288 888 virbonus
302 831 490 904 praestare
505 717 665 888 deiiet]ne
679 829 885 903 mentiatur,
899 830 1053 904 prudens

32 937 77 975 ne
98 916 322 976 mendacium
345 916 458 992 dieat3
482 919 636 977 alterum
658 918 790 977 incidit
812 921 848 977 in
871 919 1055 994 hominem,

33 1007 194 1064 alterum
215 1025 292 1065 nen.

109 1104 179 1158 Geli.
198 1105 299 1158 ibide
328 1104 398 1160 item
422 1105 476 1159 hoe
499 1122 610 1174 quoque
634 1123 717 1174 super
741 1106 839 1160 eadem
863 1123 892 1160 re
912 1105 995 1161 dicit:
1021 1121 1056 1160 vir

32 1193 108 1230 uonna
123 1207 150 1215 -
165 1191 260 1230 niumm
277 1202 329 1232 non.
369 1177 447 1231 varia
472 1192 518 1230 me
542 1177 655 1232 hercule
682 1178 710 1231 et
734 1177 829 1247 lepide
853 1177 987 1246 Nigidius
1012 1179 1056 1231 tot

35 1247 194 1301 sententias
216 1247 247 1302 in
271 1248 389 1302 eandem
414 1265 486 1313 rem,
515 1249 596 1318 quasi
620 1248 699 1302 aliud
724 1251 811 1317 atque
836 1248 915 1302 aliud
941 1249 1053 1317 diceret,

33 1318 202 1388 disparavit.
240 1320 315 1373 Noa.
339 1336 367 1388 p.
386 1324 498 1387 441,13
524 1321 600 1390 [post
618 1322 653 1387 fr.
669 1321 716 1391 31]
742 1322 879 1389 quantum
901 1321 979 1374 inse
1003 1324 1054 1387 est,

34 1405 69 1443 vir
82 1406 158 1444 bonus
172 1421 198 1428 -
212 1404 307 1444 alterum
320 1416 371 1446 non.

109 1484 123 1531 1
144 1479 175 1532 et
191 1495 226 1532 ne
245 1480 358 1534 Nouius
465 1487 480 1534 2
500 1479 608 1534 iudicet
625 1480 655 1532 in
673 1479 785 1534 homine
804 1483 868 1536 item

104 1729 202 1813 ‘quin'
216 1737 375 1813 particula,
395 1757 484 1813 quarn
498 1737 689 1815 grammatici
702 1738 939 1798 coniunctionem
954 1739 1054 1814 appel-

36 1826 113 1899 lant,
131 1827 225 1884 variis
238 1827 335 1886 modis
348 1828 564 1902 :sententiisque
583 1830 734 1886 conectere
749 1828 912 1886 orationem
927 1828 1053 1887 videtur.

37 1915 127 1973 aliter
149 1915 229 1974 enim
252 1909 318 1974 diei
333 1919 467 1992 putatur,
489 1935 557 1974 eum
576 1917 662 1992 qnasi
685 1918 871 1992 increpantes
892 1918 940 1976 vel
963 1919 1054 1976 inter-

37 2005 179 2081 rogantes
193 2004 242 2063 val
256 2004 446 2065 exhortantes
460 2005 585 2065 dicimus
600 2000 684 2082 ‘quin
698 2001 814 2064 venis?'
848 2001 932 2082 ‘quin
946 2002 1053 2084 legis‘?

39 2087 124 2167 ‘quin
152 2089 276 2170 fugis?'‚
313 2094 401 2153 aliter
428 2114 496 2154 eum
522 2095 566 2152 ita
594 2095 801 2156 confirmamus
833 2090 903 2154 ‘non
931 2096 1054 2154 dubium
1081 2117 1094 2158 5

38 2187 83 2240 est
114 2185 187 2257 quin
216 2182 256 2239 M.
277 2183 392 2242 Tullius
423 2185 555 2243 omnium
585 2185 624 2243 sit
655 2179 935 2260 eloquentissimus'‚
968 2185 1056 2244 aliter

38 2274 153 2346 autem,
184 2291 251 2330 eum
279 2273 321 2330 sie
348 2272 565 2350 componimus,
595 2273 675 2350 quod
704 2273 790 2349 quasi
817 2274 911 2349 priori
937 2273 1055 2334 videtur

37 2361 222 2418 eontrarium
241 2355 312 2420 ‘non
329 2360 440 2422 ideireo
459 2380 562 2421 causas
578 2361 724 2422 Isocrates
743 2381 803 2421 nen
822 2362 962 2438 defendit,
982 2365 1055 2439 quin

37 2449 67 2506 id
91 2449 167 2508 utile
195 2467 259 2508 esse
283 2453 313 2508 et
335 2450 491 2510 honestum
519 2447 726 2527 existumarit'3
760 2472 777 2511 a
801 2471 858 2527 quo
881 2452 935 2510 illa
963 2453 1054 2530 signi·

37 2537 137 2596 ficatio
159 2557 218 2598 non
244 2538 391 2614 abhorret,
414 2559 490 2616 quae
510 2540 604 2600 estin
622 2543 712 2599 tertia
736 2541 849 2618 origine
872 2541 911 2600 M.
933 2540 1053 2602 Catonis
1069 2563 1095 2602 ιο

39 2621 89 2706 [fr.
116 2629 158 2685 73
172 2621 236 2706 P.]:
264 2620 350 2686 ‘haut
373 2623 433 2688 eos'
456 2631 555 2706 inquit
580 2624 625 2688 ‘eo
648 2632 832 2704 postremum
854 2631 958 2703 scribo,
982 2633 1054 2705 quin

39 2715 189 2791 populiet
206 2715 322 2775 boniet
340 2719 453 2777 strenui
472 2713 569 2776 sient'.
607 2719 638 2777 in
657 2719 785 2777 secunda
804 2739 922 2795 quoque
940 2721 1054 2798 origine

39 2805 75 2862 Μ.
93 2803 169 2864 Cato
188 2824 249 2864 non
268 2806 355 2884 longe
372 2825 456 2866 secus
475 2808 531 2866 hae
548 2809 698 2883 particula
715 2827 786 2868 usus
806 2811 851 2868 est
873 2803 923 2888 [fr.
940 2805 1054 2888 36R]:

40 2889 146 2972 ‘neque
167 2890 252 2953 satis'
267 2897 367 2972 inquit
382 2891 506 2970 ‘habuit
525 2897 605 2972 qued
619 2915 686 2955 eum
704 2898 737 2954 in
751 2899 867 2956 occulto
885 2899 1053 2972 vitiaverat,

38 2985 110 3058 quin
133 2984 198 3043 eius
221 2983 333 3044 famam
355 2981 569 3060 prostitueret'.
611 2990 766 3063 praeterea
789 2987 1054 3046 animadvertimus
1069 3007 1094 3047 15

39 3070 269 3151 Quadrigarium
287 3074 319 3132 in
338 3077 444 3134 octavo
468 3075 621 3134 annalium
639 3076 789 3151 particula
806 3076 865 3134 ista
883 3095 972 3134 usum
991 3095 1053 3135 esse

39 3161 253 3220 obscurissime.
295 3162 387 3223 verba
408 3164 503 3239 ipsius
526 3165 678 3239 posuimus
703 3158 892 3243 [fr.701³.]:
917 3159 1054 3224 ‘Romam

39 3250 133 3325 venit3
160 3251 211 3310 vix
234 3255 364 3328 superat,
390 3253 464 3329 quin
490 3253 659 3330 triumphus
686 3248 900 3312 deeematur's
926 3255 1000 3312 item
1022 3257 1054 3312 in

40 3343 121 3398 sexto
145 3341 248 3399 annali
271 3341 401 3401 eiusdem
424 3343 514 3401 verba
536 3343 610 3402 haee
633 3345 703 3402 sunt
727 3336 778 3420 [fr.
801 3342 842 3401 58
854 3336 917 3420 R]:
948 3338 1053 3418 ‘paene

40 3429 152 3487 factum
172 3432 226 3504 est,
249 3431 321 3506 quin
340 3435 437 3490 eastra
459 3432 662 3508 relinquerent
681 3435 770 3506 atque
794 3430 931 3490 cederent
952 3428 1052 3492 hosti’.
1068 3451 1094 3492 ao

40 3536 96 3576 non
119 3537 166 3577 me
190 3522 291 3578 autem
316 3521 461 3596 praeterit
488 3521 584 3580 dicere
612 3522 743 3596 aliquem
769 3538 855 3595 posse
879 3521 915 3579 de
938 3540 1053 3580 summo

42 3609 159 3681 pectore
176 3608 220 3666 nil
243 3626 306 3668 esse
324 3611 355 3667 in
374 3610 420 3669 his
439 3610 536 3669 verbis
560 3609 685 3688 negotii3
708 3629 779 3667 nam
800 3611 872 3684 quin
896 3611 1052 3685 utrobique
