2460 3900
335 191 526 261 Hypsicraten.
564 191 595 256 Q.
615 167 765 246 Cosconius
809 241 813 256 ,,
995 191 1058 255 109

410 389 684 456 benennom
765 353 768 359 ’

448 529 640 585 ACTIONUM

537 651 555 704 1

115 751 267 812 Cosconius
300 755 331 811 in
363 753 530 812 actionibus
563 752 666 812 scribit
699 755 867 829 praetorem
904 770 1059 812 accensum

52 842 165 899 solitum
193 844 258 900 tum
288 860 351 901 esse
382 841 492 916 iubere,
530 841 581 900 ubi
611 844 640 900 ei
669 841 826 900 videbatur
857 841 963 900 horem
996 860 1058 901 esse

52 929 172 1004 tertium,
196 931 358 990 inclamare
386 932 490 989 horam
513 933 635 989 tentiam
659 949 721 990 esse
748 933 878 1006 itemque
905 931 1058 990 meridiem

54 1023 80 1076 et
101 1020 198 1078 horum
220 1040 338 1080 nonam.

123 1101 205 1155 Varro
223 1102 256 1157 de
275 1103 292 1156 t.
309 1101 341 1154 L.
358 1106 384 1168 6,
399 1105 437 1156 89
455 1115 604 1155 accensum
618 1100 732 1154 solitum
748 1100 821 1156 ciere
836 1100 952 1155 Boeotia
968 1102 1060 1155 osten-

54 1170 99 1238 dit,
109 1188 187 1238 quem
197 1172 369 1228 comoediam
378 1171 531 1245 A<qui>lii
542 1187 601 1225 esee
611 1171 717 1238 dicunt,
730 1171 1058 1243 hocversu[10Ribb.⁸]:

55 1241 108 1295 ‘nbi
124 1243 240 1312 primum
260 1260 393 1298 accensus
412 1243 549 1298 clamaret
567 1243 733 1297 meridiem’.
767 1242 820 1298 hoc
843 1243 919 1296 idem
938 1255 1060 1298 donemus

53 1327 74 1366 n
87 1328 205 1370 neonem
219 1349 252 1357 -
266 1341 356 1370 nomm.
405 1317 477 1370 cocis
497 1315 646 1370 ‘nocensne’
663 1315 808 1384 explicatio
822 1317 984 1384 iurisperiti,
1003 1332 1060 1369 non

54 1388 215 1454 commatici
223 1393 270 1454 eet,
279 1393 435 1455 notitiaque
444 1386 509 1440 iibri
519 1386 681 1442 ‘actioninn’
692 1386 841 1452 manifesta
855 1393 894 1440 eet
908 1386 952 1456 (cf.
963 1387 1058 1453 Hertz,

55 1455 140 1510 Fece.
154 1458 265 1514 Janrob.
284 1462 328 1514 85.
348 1461 463 1527 186212.
479 1462 523 1513 52.
558 1459 591 1513 de
605 1457 760 1512 actionibus
777 1459 908 1512 scaenicis
926 1459 1059 1527 cocitcce·

55 1534 95 1581 ret
110 1530 211 1585 inienio
230 1530 338 1584 Ritscbt
360 1547 402 1600 op.
423 1533 449 1596 3,
462 1531 544 1598 256);
568 1546 635 1584 nam
658 1530 730 1598 qnod
748 1530 932 1584 Reitzenstein
956 1530 1059 1598 (Varro

56 1615 79 1650 ιι.
97 1600 150 1654 Iob.
168 1619 190 1656 o.
210 1602 299 1656 nien.
315 1603 406 1670 1241)
432 1601 474 1654 ‘in
492 1601 662 1656 actionebne'
688 1602 753 1655 iibri
775 1601 980 1670 inscribtionem
1004 1617 1060 1655 non

58 1685 104 1724 ιιιι
119 1673 262 1738 contendit,
279 1673 401 1727 alienum
419 1679 464 1726 cot.

119 1766 133 1812 2
150 1763 209 1815 tum
227 1762 343 1816 secludit
358 1751 473 1831 Spenyet

398 1938 582 1994 INCERTAE
602 1938 702 1992 sums

119 2047 213 2114 onibus
227 2063 262 2100 en
276 2047 354 2101 libris
372 2048 558 2117 namneticis
576 2047 640 2100 baec
658 2047 833 2101 manaverint
850 2048 991 2101 nesciinus.
1023 2046 1060 2101 ad

59 2115 118 2178 snt
134 2115 315 2173 Reitzenstein
332 2135 401 2187 opes
421 2118 465 2172 ‘de
482 2118 580 2172 cerbib’
601 2119 694 2172 animo
713 2118 806 2187 findit,
826 2117 899 2172 nnde
917 2119 976 2172 ntia
990 2134 1060 2172 eoni-

57 2181 130 2253 pinrc
153 2189 240 2244 Varro
257 2189 381 2243 incenit
403 2189 479 2258 (ibid.
494 2206 524 2258 p.
540 2193 584 2243 38.
605 2192 647 2243 41.
668 2192 713 2242 82.
732 2192 769 2243 83
792 2189 876 2257 adn).

537 2323 560 2382 2

116 2445 177 2487 cum
195 2427 354 2488 verborum
372 2429 573 2487 declinatnum
591 2448 700 2506 genere
718 2428 779 2488 sint
797 2431 947 2503 quattuor,
967 2447 1061 2486 unum

61 2515 127 2588 quod
148 2520 282 2594 tempora
311 2516 499 2596 adsignificat
520 2537 615 2594 neque
637 2517 728 2576 hebet
751 2536 844 2592 cesus,
874 2519 909 2574 nt
933 2516 969 2575 nb
992 2518 1059 2594 lego

61 2601 128 2681 leges
147 2607 220 2684 lege,
250 2607 378 2666 alterum
401 2606 480 2684 quod
504 2625 588 2666 cesus
615 2606 706 2665 hebet
728 2626 824 2682 neque
851 2608 986 2682 tempore
1009 2606 1060 2664 ed-

62 2693 201 2770 significet‚
224 2698 260 2754 ut
279 2695 316 2754 eb
340 2697 406 2773 lego
429 2695 517 2755 lectio
541 2699 572 2754 et
593 2696 694 2771 lector,
722 2698 845 2754 tertium
868 2695 947 2771 quod
970 2694 1061 2754 habet

62 2785 203 2860 unumque
223 2789 254 2843 et
276 2788 412 2861 tempore
430 2788 460 2843 et
483 2785 575 2860 cesu'S,
598 2788 633 2843 ut
652 2785 689 2843 nb
712 2785 780 2862 lego
798 2786 898 2862 legens
920 2785 1061 2859 lecturus,
1089 2805 1100 2844 n

61 2876 184 2945 quartum
208 2874 290 2950 quod
311 2877 450 2932 nentium
472 2873 572 2948 hebet,
598 2877 633 2932 ut
656 2875 693 2932 eb
716 2875 784 2951 lego
807 2874 882 2933 lecte
906 2892 940 2932 ec
963 2874 1061 2932 lectis-

61 2960 130 3036 sime,
160 2963 267 3022 horum
293 2963 452 3022 verborum
480 2963 506 3021 si
533 2964 711 3040 primigenio
741 2966 811 3022 sunt
838 2963 875 3022 ed
905 2963 997 3036 mille,
1027 2963 1062 3020 ut

63 3047 206 3110 Cosconius
226 3051 337 3126 scribit,
357 3071 391 3110 ex
405 3068 507 3112 eorum
521 3052 769 3112 declinationibus
787 3052 944 3111 verborum
959 3052 1060 3110 discri-

62 3141 129 3198 mine
158 3141 322 3218 quingenta
354 3141 438 3200 milio
470 3160 532 3201 esse
563 3145 689 3217 possunt
720 3141 795 3216 ideo,
833 3143 903 3216 quie
935 3141 1061 3218 singulis

63 3227 145 3288 verbis
158 3229 344 3308 primigeniis
359 3231 477 3290 circiter
491 3232 670 3308 quingentae
689 3233 799 3307 species
814 3229 1061 3289 declinationibus
1076 3251 1102 3291 no

62 3315 130 3376 fiunt.
164 3320 346 3396 primigenio
369 3319 507 3378 dicuntur
529 3319 621 3379 verbe
638 3324 673 3378 ut
695 3319 762 3397 lego
786 3319 882 3378 scribo
904 3321 950 3378 sto
974 3318 1061 3378 sedeo

63 3407 87 3462 ei
102 3409 192 3468 cetere
215 3427 292 3484 quoe
314 3428 375 3467 non
398 3409 522 3468 suntab
545 3403 645 3483 aliquo
667 3408 767 3482 verbo,
790 3407 928 3466 sed-sues
950 3408 1063 3467 habent

63 3494 166 3557 redices.
196 3500 301 3558 contre
310 3497 400 3557 verbe
415 3497 563 3556 declinato
577 3499 647 3556 sunt
656 3516 732 3573 quoe
747 3496 784 3555 eb
801 3497 901 3571 edique
917 3499 1061 3568 oriuntur,

64 3585 91 3640 ui
106 3584 138 3644 nb
155 3587 222 3665 lego
240 3586 316 3664 legis
333 3587 408 3672 tegit
431 3589 530 3664 legam
548 3589 578 3646 et
601 3588 644 3646 sic
661 3586 793 3645 indidem
811 3585 881 3644 hino
903 3584 1060 3660 permulto.
