2534 3908
160 190 203 255 28
346 189 553 246 Grammatioaa
573 193 822 248 antevarronianao
841 195 1000 264 fragmenta

230 350 322 406 ainb.
348 351 383 406 ob
408 353 492 420 pond.
521 354 639 425 Madoio
664 354 721 407 inb.
746 354 880 428 nuncfob
906 373 934 422 p.
954 355 1046 410 Hovct
1071 357 1194 412 duobus

158 423 284 478 iambicis
302 426 419 478 senariis
436 426 520 492 factis
539 425 618 491 (Rea.
633 425 665 479 de
675 426 746 495 phil.
761 430 803 479 15.
819 429 890 480 1891
906 443 937 494 p.
952 430 1017 494 130)

431 552 905 637 awannam

508 665 712 725 describere
735 665 771 724 in
794 667 939 725 theatro
962 686 1135 742 perperos

203 736 391 811 popularis

230 815 304 870 Noa.
328 834 357 888 p.
377 822 488 884 150,11
516 833 648 886 perperos
673 818 802 872 indoctos
828 818 929 873 stultos
954 818 1032 872 rudis
1058 819 1191 873 insulsos

158 887 314 941 mendaces.
347 889 448 942 Accius
466 889 662 958 pragmaticis:
683 903 751 944 cosor.
766 921 801 928 -
814 915 866 952 pop.

515 1015 822 1102 mmmmm

159 1129 193 1184 et
221 1146 259 1186 eo
282 1127 494 1203 plectuntur
521 1133 649 1206 poetae
677 1148 781 1205 quam
809 1147 870 1188 suo
899 1132 991 1189 vitio
1021 1131 1191 1204 saepiuS‚

158 1211 264 1293 (aut)
279 1216 541 1277 ductabilitate
559 1221 672 1276 nimia
686 1224 808 1278 vestra
824 1223 885 1277 aut
901 1219 1189 1295 perperitudine

230 1298 304 1351 Non.
319 1315 350 1366 p.
368 1303 430 1364 150,
444 1303 479 1352 15
498 1300 599 1352 Accius
618 1300 801 1370 pragmaticis
821 1300 940 1371 [fr.12].
974 1300 1050 1353 idem
1065 1301 1187 1354 eodem:

158 1387 180 1422 et
196 1399 227 1407 -
242 1393 303 1430 perp.
335 1368 445 1423 haecine
463 1376 559 1423 contra
578 1370 740 1425 inscitiam?
772 1372 806 1437 of.
822 1371 859 1424 ad
879 1372 951 1425 iaaac
968 1373 1004 1437 fr.
1020 1375 1046 1424 9,

230 1441 315 1492 taut
334 1440 399 1493 ada.
414 1440 561 1496 Hermann
652 1443 726 1496 duct.
743 1441 874 1514 (animi)
896 1443 1001 1497 Oaions
1102 1491 1103 1496 ,

512 1568 825 1653 mmmmm

225 1679 258 1738 L.
276 1680 382 1739 Accius
400 1683 489 1755 poeta
508 1683 541 1740 in
563 1681 756 1758 pragmaticis
780 1683 927 1757 appellari
946 1714 987 1722 -
1008 1681 1187 1742 sicinnistas

159 1768 202 1826 ait
225 1769 367 1829 nebuloso
391 1771 518 1829 nomine.

231 1850 298 1905 Geli.
313 1853 392 1917 20,3
411 1867 480 1917 quos
501 1851 664 1904 ‘sicinistas'
685 1851 785 1920 vulgus
805 1851 883 1918 dicit,
903 1852 952 1918 qui
969 1852 1073 1906 rectius
1091 1852 1187 1906 locuti

158 1923 236 1989 sunt,
262 1922 446 1976 ‘sicinnistas'
467 1922 563 1975 littera
582 1922 613 1993 [n
632 1923 696 1976 add.
711 1923 765 1993 op]
790 1923 903 1992 gemina
922 1923 1066 1990 dixerunt3
1095 1923 1186 1977 sicin-

158 1993 236 2045 nium
262 1993 337 2046 enim
361 2011 451 2063 genus
478 1994 579 2047 veteris
608 1993 767 2048 saltationis
795 1994 858 2047 fuit.
897 1993 1060 2048 saltabundi
1084 1997 1187 2049 autam

158 2063 306 2130 canebant,
321 2081 392 2131 quae
408 2083 481 2118 nunc
496 2069 602 2119 stantes
618 2067 729 2119 canunt.
758 2066 853 2134 posuit
866 2065 920 2120 hoc
934 2067 1048 2119 verbum
1061 2079 1086 2120 n.
1097 2080 1187 2120 Aonius

159 2150 371 2203 -appellarique
404 2150 530 2191 sicinnistas
546 2169 581 2176 -
596 2151 697 2200 nomin03
735 2137 817 2191 credo
849 2139 999 2206 propterea
1033 2137 1183 2202 nebuloso,

158 2207 242 2273 quod,
262 2207 412 2260 sisinninm
432 2224 480 2260 cur
499 2208 646 2273 diceretur,
666 2207 814 2261 obscurum
833 2212 913 2263 asset.
993 2217 995 2220 '

550 2349 599 2403 EX
618 2349 786 2404 EPIGONTS

504 2467 546 2524 15
572 2460 612 2544 [o.
636 2457 833 2544 29615111]

158 2573 317 2646 sapimus
336 2575 468 2648 animo,
492 2573 648 2631 fruimur
667 2575 797 2631 anima:
821 2572 897 2631 sine
917 2574 1034 2632 animo
1058 2576 1183 2633 anima

959 2665 1013 2720 est
1035 2661 1181 2724 debilis.

230 2741 304 2795 Noa.
316 2759 345 2810 p.
361 2747 423 2808 426,
437 2746 474 2798 25
498 2743 607 2796 animus
627 2744 656 2795 at
675 2742 770 2795 anima
788 2742 841 2795 hoc
861 2743 980 2796 distant:
1007 2743 1116 2796 animus
1137 2749 1183 2798 ast

159 2829 213 2895 quo
229 2813 360 2881 sapimus,
380 2814 474 2898 anima
489 2830 545 2881 qua
559 2815 684 2867 vivimus.
713 2813 814 2867 Accius
828 2812 956 2896 Epigone
975 2814 1079 2884 [·gonis
1090 2817 1182 2871 Bothe
1251 2817 1252 2903 1

159 2882 282 2954 Engona
294 2886 438 2957 Merctor}
457 2911 502 2948 sap.
513 2917 547 2926 -
559 2901 608 2940 aas.
638 2885 726 2939 Varro
740 2884 898 2938 Andabatrs
913 2886 1002 2956 [safra
1018 2886 1056 2940 ad
1069 2889 1180 2958 satus}

489 3063 538 3117 EX
557 3061 842 3117 MYRMIDONIBUS

290 3170 355 3223 hacc
372 3172 470 3236 fabula
488 3173 604 3236 fortasse
621 3188 677 3224 noa
696 3170 805 3224 diversa
823 3176 861 3223 eet
880 3170 915 3223 ab
933 3170 1039 3225 Achille

548 3305 589 3360 16
615 3296 654 3381 [o.
680 3307 699 3361 4
722 3297 779 3382 sa]

157 3411 196 3467 tu
225 3409 467 3484 pertinaciam
498 3427 585 3484 osse,
616 3409 825 3483 Antiloche‚
857 3409 948 3467 hanc
977 3409 1179 3486 praedicas,

158 3516 221 3576 ego
244 3497 487 3573 pervicaciam
513 3500 569 3556 aio
593 3502 628 3557 et
651 3519 690 3558 ea
712 3518 764 3557 me
787 3500 842 3557 uti
865 3499 955 3558 volo.

157 3605 236 3644 nam
259 3585 484 3662 pervicacem
508 3587 581 3647 dici
604 3609 655 3647 me
679 3607 755 3648 esse
779 3591 813 3646 et
836 3589 981 3648 vincere
