2442 3902
157 178 222 242 298
307 151 512 232 Grammaticac
533 179 634 232 aetatis
653 178 845 233 Varronianae
863 179 1023 249 fragmenta

156 365 218 406 esse
248 347 430 421 maluerunt,
462 350 497 406 ut
525 347 659 406 cohortes
685 347 818 406 militum
846 365 913 406 cum
945 348 1162 423 aspirationes

155 438 259 494 mutua
282 436 452 495 hortatione
476 436 621 496 dicantur.
660 437 736 495 ¹item
758 456 819 495 non
841 437 920 495 nulli
941 436 1086 496 harenam
1099 455 1161 514 ,cun

156 526 351 601 aspiratione,
392 527 455 584 sive
492 526 634 600 quoniam
670 525 805 600 haereat,
842 527 905 585 sive
941 526 1024 601 quod
1064 545 1161 601 aquam

115 620 141 661 ¹⁶
155 613 289 688 hauriat,
320 613 476 672 dicendam
508 615 765 689 existimaverunt3
801 615 868 674 aliis
899 615 962 674 sine
991 617 1161 691 aspiratione

155 703 275 762 videtur
302 702 492 761 enuntianda.
538 721 592 762 nos
615 706 761 763 nontam
790 723 845 780 per
866 705 935 764 illes
964 723 1068 764 causas
1098 722 1160 778 quas

155 810 248 868 supra
283 791 491 868 proposuimus
524 787 688 870 <harenam
725 788 881 870 dicimus),
922 812 1013 868 qnam
1050 797 1162 870 propter

155 881 300 959 originem
323 881 414 955 vocis,
437 882 464 940 si
487 881 615 956 quidem,
642 884 678 940 ut
699 883 786 970 testip
809 886 855 941 est
878 881 983 956 Varro,
1011 901 1030 941 a
1054 881 1161 940 Sabinis

153 970 258 1029 fasena
276 969 394 1043 dicitur,
417 973 447 1028 et
465 971 577 1029 sicnts
600 970 791 1029 familiariter
812 971 845 1029 in
861 991 878 1029 r
899 973 1018 1045 transit,
1042 971 1087 1030 ita
1103 973 1119 1029 f
1135 972 1161 1027 in

113 1067 140 1106 ¹⁰
153 1057 283 1117 vicinam
313 1059 526 1134 aspirationem
552 1062 696 1118 mutatur.
743 1060 881 1119 similiter
904 1079 975 1138 ergo
1004 1063 1034 1119 et
1061 1059 1160 1118 haedos

153 1147 278 1206 dicimus
307 1165 374 1207 cum
402 1148 594 1224 aspiratione,
623 1151 766 1224 quoniam
788 1149 869 1208 faedi
893 1149 1069 1209 dicebantur
1091 1148 1160 1225 apud

154 1238 301 1311 antiquos
338 1236 411 1295 item
434 1232 542 1311 hircos,
566 1237 708 1313 quoniam
726 1238 844 1298 eosdem
862 1257 956 1314 aeque
978 1238 1065 1298 firccs
1083 1256 1160 1298 voca·

152 1325 234 1384 hant.
270 1344 340 1384 nam
364 1328 394 1384 et
417 1345 432 1384 e
455 1328 615 1401 contrario,
638 1346 728 1401 quam
752 1327 871 1402 antiqui
893 1326 1003 1386 habam
1024 1327 1159 1398 dicebant,

152 1433 207 1473 nos
220 1414 321 1474 fabam
341 1415 473 1475 dicimus.
512 1415 638 1474 cilonem
656 1434 774 1492 quoque
793 1419 831 1475 et·
841 1417 971 1476 cocleam
990 1419 1020 1476 et
1039 1417 1159 1476 cocleare
1212 1421 1213 1438 ¹

111 1513 138 1554 ’ὁ
152 1503 216 1562 sine
239 1504 421 1580 aspiratione
445 1504 616 1579 scribemus,
643 1508 672 1562 et
691 1504 832 1581 quicquid
855 1524 909 1581 per
925 1506 1159 1565 consuetudinem

153 1591 270 1650 aurium
293 1594 338 1651 ita
357 1593 478 1652 licuerit
496 1593 664 1668 enuntiare,
688 1596 845 1653 nonenim
862 1593 981 1653 firmum
1001 1598 1047 1654 est
1070 1595 1159 1654 catho

152 1682 243 1740 licum
273 1685 550 1760 grammaticorum,
587 1702 646 1758 quo
676 1686 797 1743 censent
824 1683 1039 1759 aspirationem
1067 1701 1159 1743 conso·

152 1772 237 1829 nanti
264 1789 323 1830 non
351 1789 413 1830 esse
443 1771 638 1850 iungendam,
668 1791 736 1832 oum
758 1775 789 1832 at
812 1771 961 1851 Carthago
992 1772 1109 1833 dicatur
1133 1774 1160 1830 ot

151 1860 277 1935 pulcher
299 1863 329 1919 et
353 1859 501 1920 Gracchus
525 1865 554 1919 et
578 1858 657 1920 Otho
681 1863 711 1920 et
733 1861 877 1920 Bocchus.

153 1969 155 1974 '
229 1960 283 2014 Vel.
298 1960 386 2031 Lonq.
396 1978 428 2029 p.
444 1963 490 2026 68,
506 1965 540 2014 14
558 1962 587 2012 et
605 1974 633 2014 de
647 1975 662 2013 h
676 1975 751 2015 llttera
766 1991 789 2001 -
804 1978 827 2015 et
839 1974 950 2017 Bocchus.

224 2066 294 2120 lde
313 2065 366 2119 hac
385 2064 403 2119 l.
423 2067 462 2120 ed.
478 2068 570 2136 priroc.
585 2093 619 2112 =
635 2066 663 2120 R
774 2065 871 2120 multia
896 2069 996 2136 scripsi
1019 2069 1079 2123 coll.
1099 2067 1158 2123 oea

150 2138 178 2201 2,
192 2140 249 2202 3,1
269 2153 332 2190 cum
350 2135 394 2189 his
412 2138 489 2192 codd.
509 2140 568 2193 secl.
584 2138 650 2192 Kal
734 2138 949 2193 3vehementer
1019 2139 1159 2208 reprehen-

151 2207 195 2260 dit
303 2213 318 2260 t
345 2209 375 2261 at
393 2209 451 2263 eccl.
473 2210 538 2263 Keil
561 2212 612 2262 aut
630 2211 733 2264 Iuniae
762 2251 764 2256 .
804 2209 893 2264 hostia
914 2241 947 2250 -
966 2209 1089 2265 harenae
1106 2209 1157 2264 sect

151 2279 217 2333 Kert
294 2284 310 2331 6
330 2279 382 2332 ha.
401 2278 526 2334 halicam
544 2283 573 2334 et
591 2279 714 2334 halicam
732 2282 761 2334 et
780 2279 913 2334 aliculam
991 2287 1006 2334 ‘l
1027 2281 1159 2336 emetimet

152 2354 186 2402 10
205 2351 387 2404 accercendc
403 2352 431 2406 R
539 2358 571 2405 11
592 2353 708 2406 ettam:
728 2369 775 2406 em.
791 2352 897 2407 meod.
913 2352 1001 2407 Vatia.
1021 2351 1158 2407 eteamR

152 2427 184 2474 15
205 2421 325 2475 dicenda
413 2428 446 2475 16
465 2423 527 2494 per]
547 2424 663 2492 propter
681 2425 748 2478 Kerl
839 2423 951 2477 1‘1har.
971 2424 998 2478 d.
1018 2425 1084 2480 odd.
1102 2422 1159 2477 Kal

151 2497 184 2544 19
203 2491 330 2546 sarsana:
350 2510 397 2548 em.
418 2494 484 2548 Keil
502 2495 560 2549 coll.
577 2494 631 2549 Vel.
651 2495 739 2564 Loco.
756 2499 844 2563 p.81,
859 2500 893 2549 11
966 2500 1001 2548 20
1020 2493 1158 2550 hoedoeR

150 2569 184 2616 21
204 2563 279 2619 foedi
370 2570 405 2618 22
424 2564 515 2619 sarcos
605 2571 639 2618 29
658 2565 794 2636 gracchos
813 2567 842 2620 et
860 2566 927 2620 otho
946 2567 975 2620 et
993 2567 1099 2621 bochus
1213 2557 1214 2596 i

452 2751 454 2754 ·
564 2736 651 2793 280⁰
675 2728 746 2814 [57]

216 2855 346 2916 Varroni
368 2857 468 2932 placet
487 2878 504 2915 r
525 2858 667 2933 litteram,
691 2859 717 2917 si
739 2860 835 2934 primo
858 2860 924 2918 loco
942 2863 1084 2935 ponatur,
1104 2875 1157 2916 non

148 2946 285 3022 aspirari.
334 2947 451 3005 lector
477 2949 555 3005 enim
583 2949 660 3023 ipse
689 2947 790 3022 inquit
815 2948 1034 3026 intellegere
1061 2947 1157 3006 debet

149 3035 283 3093 Rodum
301 3038 420 3094 tamen
439 3036 508 3094 etsi
527 3036 629 3095 hnon
647 3036 768 3111 habet,
787 3035 948 3096 Rhodum
967 3055 1058 3112 esse,
1075 3039 1156 3096 reto

148 3144 219 3183 rem
241 3125 428 3183 rhetorem.

219 3223 295 3277 Aac.
313 3223 423 3278 Ooraut.
439 3240 484 3291 ap.
502 3224 623 3279 Cassiod.
638 3225 705 3278 ortt.
717 3227 844 3293 p.154‚1
865 3238 963 3278 vmon
977 3225 1064 3278 etiam
1078 3221 1154 3296 [enin

148 3296 233 3349 Ber-n.
248 3293 302 3376 op]
316 3309 390 3356 pirou
402 3325 429 3333 —
442 3309 559 3349 saraam.
578 3295 628 3348 scd
647 3295 746 3349 eadem
765 3294 923 3349 observatio
936 3310 994 3348 non
1007 3294 1155 3350 necessaria

148 3369 193 3417 eet
213 3366 237 3433 [r
249 3363 365 3487 htterapp
392 3368 457 3418 sunt
476 3365 551 3418 enim
568 3365 654 3420 verba
672 3365 763 3434 primo
782 3365 843 3420 loco
862 3365 1017 3420 rlitteram
1031 3365 1155 3422 habentia

148 3450 206 3487 non
223 3434 314 3486 minus
356 3434 434 3487 atina
453 3452 538 3501 quam
557 3435 670 3490 Graeca.
699 3437 795 3503 itaque
815 3436 915 3491 meritc
938 3437 1095 3492 auferemur
1113 3437 1154 3490 aut

148 3502 338 3556 amovebimus
362 3505 576 3572 aspirationem,
602 3507 690 3560 Roma
713 3508 811 3577 regina
829 3523 899 3577 rapa
918 3508 1023 3563 Rodne.
1060 3510 1094 3576 cf.
1112 3507 1154 3562 At

148 3571 197 3625 bio
218 3573 328 3640 orthp.
343 3577 463 3637 303,15.
