2442 3902
156 164 223 228 280
307 164 514 220 Grammaticae
533 166 637 224 0010110
656 166 849 221 Varronisnae
868 167 1032 236 fragmenta

154 333 187 390 id
207 334 352 408 estquod
369 353 429 392 non
453 334 595 394 ambulet.
631 353 735 394 rursus
754 336 782 394 01
797 335 855 394 hoc
877 336 968 394 modo
987 336 1063 395 velit
1084 335 1169 394 (110010

157 416 257 481 ‘homo
279 424 337 482 iste
361 417 517 498 ambulat',
544 424 672 499 simplex
694 427 846 483 sententia
864 428 919 498 est,
948 444 1041 500 quam
1065 425 1090 484 si
1113 443 1167 483 con·

156 529 279 585 cessero,
307 515 338 570 et
369 506 443 591 [alia
466 530 542 587 quae
571 511 687 588 aliquid
710 516 871 588 expectant
892 513 933 572 ad
960 515 1166 589 conpletionem

116 616 143 657 01
156 603 322 659 sententiae
333 601 513 660 sententiam
525 596 783 681 conprehendunt]
799 603 971 661 adiunxerit
985 604 1078 662 aliam
1088 598 1166 678 ‘quis-

157 691 224 764 quis
244 693 344 748 autem
363 689 499 748 ambulat
516 684 675 765 movetur’,
694 694 725 749 et
743 691 821 750 hanc
835 692 928 750 etiam
947 710 1125 766 concessero,
1142 711 1168 748 01

156 777 213 836 hac
227 779 435 838 coniunctione
453 780 670 838 sententiarum
688 782 827 855 quamvis
846 781 1027 858 singillatim
1046 783 1168 840 enuntia·

156 870 256 926 tarum
280 870 311 925 et
333 886 538 927 concessarum
560 869 616 927 illa
639 887 756 927 summe
779 872 923 946 sequitur,
946 889 1024 946 quae
1047 873 1109 928 iam
1128 889 1167 927 ne·

154 957 284 1016 cessario
313 957 507 1031 concedatur,
539 955 570 1014 id
597 963 644 1016 est
677 953 782 1017 ‘homo
809 959 868 1018 iste
895 960 993 1036 igitur
1019 953 1167 1018 movetur’.

117 1063 144 1103 00
157 1045 204 1103 his
221 1045 352 1104 breviter
370 1046 542 1105 constimtis
565 1047 700 1124 singulas
719 1050 820 1122 partes
844 1048 1073 1109 consideremus,
1110 1067 1167 1107 nau

157 1138 227 1193 sunt
252 1137 365 1210 primae
389 1135 480 1209 duae,
508 1153 570 1192 una
592 1135 628 1193 de
651 1135 698 1194 his
722 1155 801 1212 quae
829 1137 1009 1214 simpliciter
1031 1137 1168 1208 dicuntur,

157 1223 211 1281 uhi
233 1226 278 1282 est
297 1226 383 1298 quasi
406 1226 534 1292 materia
557 1224 741 1299 dialecticae,
765 1226 862 1284 altera
880 1226 916 1284 de
940 1227 987 1285 1110
1011 1246 1087 1302 quae
1112 1245 1167 1284 con·

157 1313 260 1371 iuncta
287 1312 436 1386 dicuntur,
464 1312 517 1371 ubi
543 1314 606 1371 iam
634 1315 721 1389 quasi
749 1333 823 1390 opus
852 1319 987 1391 apparet.
1039 1335 1114 1392 quae
1139 1314 1167 1371 de

159 1401 344 1478 simplicibus
372 1405 427 1475 est,
455 1405 580 1460 vocatur
602 1402 639 1462 da
666 1402 825 1478 loquendo.
867 1404 922 1462 illa
945 1425 1017 1465 vero
1046 1423 1119 1481 quae
1139 1403 1168 1460 de

119 1507 145 1548 ee
159 1492 324 1550 coniunctis
354 1493 413 1565 est,
444 1492 477 1548 in
505 1493 567 1550 tres
596 1495 698 1566 partes
730 1492 884 1551 dividitus.
930 1497 1071 1569 separata
1099 1493 1167 1552 enin

159 1581 366 1639 coniunctione
394 1578 552 1639 verborum
580 1599 656 1655 quae
680 1600 740 1640 non
767 1583 876 1658 implet
903 1585 1096 1655 sententiam,
1123 1581 1168 1639 illa

160 1687 235 1744 quae
255 1671 297 1728 sic
314 1669 421 1744 implet
443 1671 631 1743 sententiam,
653 1673 688 1728 ut
706 1669 839 1730 nondum
862 1673 957 1730 faciat
976 1673 1167 1746 quaestionem

159 1759 208 1818 vel
226 1758 444 1834 disputatorem
461 1761 603 1834 requirat,
627 1761 752 1818 vocatur
770 1760 807 1817 de
826 1761 1008 1836 eloquendo3
1030 1761 1084 1819 illa
1102 1777 1167 1837 quae

160 1850 202 1907 sio
224 1848 331 1924 implet
354 1850 542 1921 sententiam,
565 1852 599 1906 ut
622 1848 659 1907 de
682 1851 839 1907 sententiis
863 1849 1049 1926 simplicibus
1071 1848 1167 1907 iudice

121 1940 219 2012 10101,
247 1939 372 1995 0000101
395 1936 430 1995 (10
453 1936 673 2013 proloquendo3
702 1938 757 1996 illa
780 1957 858 2014 quae
886 1939 929 1998 sic
957 1937 1167 2014 comprehendit

161 2028 350 2100 sententiam,
372 2028 407 2084 ut
429 2026 465 2084 de
488 2028 554 2102 ipsa
577 2028 670 2084 etiam
693 2027 884 2102 copulatione
906 2027 1063 2103 iudicetur,
1088 2026 1167 2086 donec

160 2117 355 2191 perveniatur
373 2114 411 2174 ad
429 2132 584 2190 summam,
607 2119 732 2175 vocatur
750 2116 787 2175 de
806 2118 1034 2192 proloquiorum
1057 2132 1167 2176 siunma

162 2238 204 2246 —
219 2205 345 2263 verbum
362 2207 408 2263 est
425 2206 513 2263 unius
528 2207 669 2279 cuiusque
688 2207 732 2263 rei
748 2207 867 2281 signum
886 2205 966 2282 quod
985 2205 1023 2264 ab
1043 2204 1168 2264 audiente

161 2294 257 2370 possit
288 2293 424 2372 intellegi
455 2313 473 2352 a
502 2294 643 2369 loquente
674 2295 835 2370 prolatum.
880 2313 928 2354 res
961 2298 1008 2354 est
1040 2289 1168 2370 quioquid

124 2385 210 2444 uvel
234 2383 362 2443 sentitur
389 2383 438 2442 vel
464 2382 650 2460 intellegitur
678 2384 726 2443 vel
749 2384 832 2454 latet.
880 2384 999 2461 signum
1028 2388 1074 2442 001
1100 2378 1168 2458 quod

164 2477 194 2532 et
217 2491 247 2532 00
270 2473 370 2548 ipsum
398 2471 496 2531 sensui
519 2475 549 2530 et
571 2475 690 2547 praeter
713 2491 743 2531 se
768 2472 885 2548 aliquid
913 2473 1014 2533 animo
1043 2469 1167 2532 ostendit

163 2562 247 2637 loqui
266 2564 312 2620 est
330 2561 493 2621 articulata
511 2579 582 2619 voce
601 2561 718 2638 signum
743 2561 821 2620 dare.
868 2561 1062 2621 siticulatam
1081 2563 1167 2620 001010

164 2651 239 2725 (1100,
267 2670 343 2727 quae
371 2649 580 2726 comprehendi
607 2650 717 2710 litteris
739 2652 847 2726 potest.
873 2684 914 2692 —
944 2670 1031 2710 omne
1058 2650 1166 2709 verbum

164 2743 264 2816 sonat3
297 2759 365 2798 cum
393 2740 471 2797 enim
498 2743 544 2798 est
571 2739 603 2797 in
627 2740 748 2815 scripto,
777 2759 837 2799 uon
865 2740 989 2799 verbum
1017 2741 1069 2799 sed
1096 2735 1166 2797 verbi

125 2849 151 2891 00
165 2829 283 2907 signum
307 2832 360 2888 est.
383 2861 428 2869 —
451 2828 502 2888 sed
525 2827 604 2904 quod
627 2832 724 2902 sonat,
746 2828 823 2887 nihil
847 2829 885 2887 ad
908 2829 1102 2888 dialecticam.
1138 2825 1167 2882 (10

165 2938 237 2979 sono
257 2919 335 2978 enim
353 2918 437 2978 verbi
460 2917 569 2996 agitur,
592 2936 659 2975 cum
678 2918 833 2994 quaeritur
852 2918 900 2976 vel
923 2916 1167 2982 animadvertitur,

166 3009 295 3085 qualiter
312 3007 460 3067 vocalium
480 3007 530 3066 vel
552 3006 747 3082 dispositione
770 3006 900 3065 leniatur
920 3008 969 3066 vel
992 3005 1167 3067 concursione

166 3099 307 3173 dehiscat,
330 3097 403 3156 item
424 3096 651 3156 consonantium
669 3097 717 3155 vel
740 3095 966 3172 interpositione
990 3097 1113 3156 nodetur
1128 3091 1166 3150 vel

167 3187 357 3267 congestione
375 3188 529 3262 asperetur
547 3188 577 3244 et
595 3187 669 3261 quot
687 3185 736 3244 vel
754 3185 895 3261 qualibus
914 3185 1038 3261 syllabis
1059 3185 1168 3250 constet,

127 3299 153 3341 se
166 3278 219 3338 ubi
241 3277 374 3354 poeticus
393 3276 549 3351 rhythmus
569 3277 765 3349 accentusque
789 3293 807 3332 a
830 3274 1036 3351 grammaticis
1052 3275 1166 3333 solemn

168 3367 284 3428 aurium
297 3367 468 3424 tractantur
485 3365 614 3441 negotia.
647 3366 678 3422 et
695 3366 796 3422 tamen
810 3382 878 3434 cum
892 3363 932 3422 de
941 3363 989 3421 1110
1004 3363 1165 3438 disputatur,

167 3456 287 3530 praeter
304 3453 491 3510 dialecticam
513 3472 573 3511 non
592 3455 649 3526 est3
672 3451 745 3511 haec
764 3451 843 3510 enim
863 3452 990 3511 scientia
1008 3446 1165 3528 disputandi

170 3543 223 3599 est.
260 3541 311 3599 sed
334 3558 402 3597 oum
422 3540 512 3597 verba
535 3542 724 3614 antrorum,
748 3539 867 3615 quando
886 3540 922 3609 de
941 3540 1015 3616 ipsis
1039 3537 1164 3606 obtinent,
