2442 3902
394 219 431 274 M.
450 219 596 272 'Pereutius
615 217 703 272 Varro
991 215 1055 278 333

466 407 470 420 ·
518 390 585 449 327

109 497 254 559 Caesones
277 496 421 573 adpellati
440 497 510 556 sunt
531 494 611 570 quod
628 495 755 553 mortuis
778 492 923 553 matribus
947 493 1057 551 exsecti

44 593 134 648 erant.

112 687 188 742 Ibt‘d.
204 692 222 742 6
241 700 349 740 Omonee
363 701 472 739 -eraut
500 686 583 739 Paul.
604 684 677 738 Fest.
694 701 723 751 p.
739 687 833 750 57,13
852 680 989 735 Caesones
1008 697 1056 748 ap·

44 758 182 828 pellantur
196 774 230 812 ex
243 760 322 812 utero
340 756 440 810 matris
454 754 566 810 exsecti.
595 755 630 822 ef.
646 756 721 809 Ple'u.
736 773 763 808 u.
778 756 803 808 t.
821 758 845 820 7,
860 757 904 806 47.
933 752 1002 806 Isiu.
1018 768 1056 806 or.

45 836 69 898 9,
83 836 108 898 3,
123 835 165 887 12.
202 829 335 898 ceteroqui
352 827 387 895 of.
407 829 445 883 od
462 828 499 895 fr.
514 831 575 882 323.

114 945 127 991 1
147 939 259 991 mortua

444 1113 450 1124 .
514 1069 579 1129 328

108 1178 237 1237 Faustus
261 1195 279 1234 a
302 1177 404 1236 favore

113 1278 221 1331 Ieme
240 1275 347 1330 Statius
365 1307 413 1344 -,
437 1289 533 1330 sanetus
547 1301 566 1329 a.
580 1289 595 1329 r.
614 1274 797 1343 praenomina
816 1275 950 1342 ceperunt
969 1273 1057 1344 [coep.

48 1349 121 1419 cod.].
153 1350 228 1403 Nou.
240 1365 269 1417 p.
285 1352 347 1414 426,
363 1351 397 1402 15
419 1347 543 1401 faustum
561 1347 642 1416 quasi
661 1365 677 1400 a
695 1346 815 1400 favendo
831 1345 938 1399 dictum
958 1362 990 1398 ac
1008 1361 1059 1412 per

49 1419 96 1473 hoc
113 1436 276 1489 prosperum
294 1421 324 1473 et
341 1419 502 1488 propitium.
539 1421 573 1486 ef.
595 1420 632 1472 ad
650 1419 686 1485 fr.
701 1422 763 1474 323.

516 1573 580 1631 329

111 1676 167 1736 Gai
189 1677 361 1736 iudicantur
383 1677 455 1736 dicti
479 1697 496 1736 a
519 1677 628 1756 gaudio
652 1681 817 1753 parentum.

115 1777 189 1830 Ibid.
205 1782 222 1830 5
243 1789 285 1831 Gai
299 1808 326 1815 -
339 1794 462 1839 parentum.

116 1871 179 1927 Gaii
199 1875 266 1928 Mai
285 1873 325 1928 On
343 1877 399 1931 eod.

516 1993 580 2049 330

114 2095 230 2156 Gnaeus
253 2097 290 2155 ob
313 2099 429 2175 insigne
453 2099 541 2157 naevi
569 2099 736 2175 adpellatus
760 2099 812 2156 est.
860 2097 938 2172 quod
967 2117 1059 2155 unum

53 2202 222 2256 praenomen
246 2188 330 2246 varia
353 2189 500 2264 scriptura
523 2191 658 2263 notatus
681 2189 734 2246 alii
757 2189 837 2246 euim
860 2187 983 2261 Naeum,
1008 2186 1060 2246 alii

56 2271 188 2351 Gnaeum,
213 2277 267 2334 alii
285 2274 417 2336 Gnaeum
437 2277 577 2336 scribunt.
615 2279 667 2352 qui
687 2275 713 2336 G
730 2277 834 2336 littera
851 2279 883 2334 in
901 2277 957 2334 hoc
975 2295 1060 2351 prae-

55 2365 163 2423 nomine
183 2367 319 2442 utuntur,
338 2367 550 2442 antiquitatem
568 2368 654 2443 sequi
672 2366 819 2441 videntur,
838 2385 913 2442 quae
933 2365 1060 2423 multum

54 2471 83 2509 ea
99 2471 152 2512 usa
172 2455 276 2514 littera
294 2458 347 2514 est.
384 2456 456 2514 olim
475 2458 554 2514 enim
572 2455 725 2514 dicebatur
748 2455 959 2532 fragmentum,
983 2470 1087 2514 nunes

55 2541 375 2620 mensunusum,
399 2547 428 2605 et
451 2546 566 2622 forgiis,
590 2547 764 2619 confertis,
788 2547 818 2602 et
840 2547 978 2622 gnatura,
1002 2561 1058 2602 non

55 2635 159 2692 nature.
198 2653 269 2710 ergo
288 2635 378 2693 etiam
397 2637 450 2710 qui
472 2638 504 2693 in
527 2635 699 2710 corporibus
723 2633 807 2711 gigni
830 2634 906 2692 solet
930 2652 1061 2710 gnaevus

55 2719 259 2795 adpellabatur.
296 2724 347 2798 qui
363 2722 413 2782 Gn.
428 2727 552 2798 ponunt,
572 2725 757 2798 correptione
772 2722 905 2798 syllabae
920 2723 1061 2781 delectari

56 2811 192 2888 videntur,
218 2813 269 2887 qui
292 2813 401 2889 liaeus,
425 2813 556 2873 levitate.

116 2911 222 2965 13335
242 2923 472 2967 eumue—revitate.
506 2913 587 2967 Paul.
603 2913 677 2967 Fest.
688 2930 718 2982 p.
734 2916 807 2979 96,8
826 2911 936 2965 Gnaeus
955 2911 1061 2983 [Gneus

56 2978 112 3033 toni
135 2983 224 3054 3033]
256 2984 285 3036 et
313 2983 435 3052 eorporis
462 2984 573 3054 insigne
602 2985 630 3037 et
657 2999 827 3053 praenomen
855 2999 872 3037 a
900 2983 1060 3054 generando

56 3048 124 3106 dicta
141 3070 211 3121 esse,
229 3055 259 3109 et
277 3069 310 3109 ea
328 3054 391 3125 ipsa
410 3071 444 3110 ex
462 3054 568 3109 Graeco
587 3053 746 3127 quoscum,
765 3057 889 3124 apparet.

118 3165 266 3215 insevum
320 3161 449 3218 3Gvett.
464 3161 573 3218 edu:ss
628 3165 688 3216 oet
701 3162 792 3216 fertur
832 3161 987 3266 etforgtisg
1001 3179 1061 3216 cum

57 3229 113 3284 olim
125 3232 259 3288 dicerem
272 3232 370 3287 sorotis
389 3237 433 3302 (es.
449 3235 532 3289 Paul.
548 3233 621 3288 Feci.
634 3251 663 3304 p.
678 3238 724 3300 84,
739 3237 765 3287 8.
784 3234 860 3290 Feci.
872 3251 900 3302 p.
917 3238 970 3288 348
988 3237 1062 3302 ,15)‚

56 3299 94 3354 tie
116 3305 351 3374 interpolationem
378 3307 460 3360 lutere
487 3308 644 3376 suspicatur
673 3305 754 3360 Gertz
840 3310 856 3358 8
885 3304 1062 3373 corruptione

58 3370 134 3428 Helm
224 3375 377 3443 elonitato
397 3377 478 3433 Gertz

517 3531 581 3587 331

115 3632 224 3694 Hostus
247 3653 426 3710 praenomen
445 3637 505 3695 fuit
527 3637 559 3694 in
578 3653 621 3711 ec,
645 3637 697 3712 qui
720 3655 841 3714 peregre
861 3635 940 3712 apud
963 3636 1062 3711 hospi-
