2480 3904
155 171 221 234 500
321 169 527 223 Grammaticae
548 169 649 222 aetatis
668 169 832 237 Augusteae
851 169 1010 238 fragmenta

568 339 589 396 s
613 331 660 416 [p.
682 331 760 416 500]

224 465 322 521 neque
353 443 668 503 tuburchinabundum
699 447 729 502 et
758 442 1027 502 lurchinabundum
1053 445 1116 501 iam
1140 443 1165 498 in

155 535 242 593 nobis
271 537 430 610 quisquam
458 534 550 608 ferat,
578 533 650 591 licet
673 531 747 591 (lato
776 534 818 591 sit
846 536 950 593 auctor
978 526 1044 611 [iac.
1064 535 1106 590 49
1120 528 1166 604 J.]‚

156 642 210 682 nec
234 625 288 683 hos
311 624 432 697 lodiceS,
455 640 639 698 quamquam
662 621 693 679 id
717 621 847 680 Pollioni
870 622 976 698 placet.

232 722 325 792 Quint.
341 728 366 788 1,
382 727 408 788 6,
422 726 460 775 42
481 746 554 783 neque
573 720 648 773 enim
662 735 900 774 tuburchinabundum
913 753 940 760 -
953 736 1032 786 placet,
1050 736 1100 773 nec
1113 718 1167 789 gla-

158 793 248 860 diola,
270 793 349 861 atqui
368 792 502 846 Messalla
520 792 605 856 dixit,
629 807 681 845 nec
699 792 915 860 parricidatum‚
935 793 1010 859 quod
1032 791 1061 844 in
1079 789 1167 843 Caelio

157 865 204 918 vix
219 864 367 919 tolerabile
381 865 500 929 videtur,
519 879 572 917 nec
586 862 673 916 collos
689 861 760 915 mihi
775 861 876 916 Calvus
889 861 1064 931 persuaserit.
1095 863 1167 917 verbo

159 937 273 1004 ‘placet’
293 937 410 1002 fortasse
425 942 601 1004 praeceptam
620 934 777 1000 indicatam
803 935 838 1001 cf.
858 935 971 989 Harder
990 937 1007 988 l.
1023 952 1042 988 c.
1061 952 1088 1002 p.
1109 937 1166 986 370.

157 1009 238 1062 aliter
258 1009 363 1077 Meyer,
384 1006 490 1061 ORF²
504 1024 534 1075 p.
551 1009 614 1060 500.

571 1159 590 1214 9
616 1150 663 1234 [p.
684 1150 761 1235 496]

157 1353 177 1411 d
223 1267 283 1322 iam
310 1264 423 1323 evaluit
447 1258 545 1321 ‘rebus
570 1257 747 1340 agentibus’,
772 1263 851 1338 quod
874 1263 970 1322 Pollio
993 1264 1025 1321 in
1043 1263 1164 1322 Labieno

178 1356 290 1413 amnat.

232 1452 366 1522 erciam),
382 1455 457 1516 3,13
475 1453 509 1503 ut
526 1465 571 1504 ram
584 1482 611 1489 -
625 1465 723 1515 damnat,
742 1453 771 1503 et
788 1449 988 1504 contumeliam
1006 1450 1078 1514 fecit,
1095 1447 1164 1516 quod

158 1540 175 1577 a
189 1522 322 1577 Cicerone
336 1522 467 1590 reprendi
481 1523 579 1575 notum
594 1523 650 1587 est;
670 1521 745 1575 affici
760 1522 835 1575 enim
850 1522 1020 1575 contumelia
1034 1521 1163 1575 dicebant.

230 1636 244 1683 1
264 1629 322 1682 iam
340 1629 488 1699 Spaldiay:
508 1643 574 1681 nam
664 1627 774 1681 lavieno
793 1630 833 1684 ccl
850 1628 961 1683 lameno
981 1629 1054 1683 codd.

648 1781 689 1838 10

227 1887 259 1945 in
278 1887 346 1946 Tito
365 1885 451 1945 Livio
474 1888 568 1944 mirae
591 1886 748 1945 facundiae
772 1887 835 1946 viro
855 1889 943 1963 putat
966 1889 1057 1945 inesse
1074 1882 1162 1942 Pollio

159 1976 283 2036 Asinius
307 1976 457 2051 quandam
480 1975 723 2034 Patavinitatem.

233 2075 326 2143 Quint.
341 2079 368 2139 8,
383 2078 408 2140 1,
423 2078 440 2128 3
459 2074 488 2126 et
501 2088 525 2126 in
539 2087 589 2127 rao
603 2106 630 2113 —
644 2088 823 2128 Patavinisatem.
853 2090 947 2142 quare,
963 2074 987 2127 si
1000 2073 1058 2127 fieri
1070 2071 1160 2140 potest,

160 2148 188 2199 et
207 2145 291 2198 verba
310 2145 405 2200 omnia
424 2147 453 2199 et
470 2161 523 2199 vox
541 2144 625 2198 huius
645 2145 789 2198 alumnum
812 2144 889 2199 urbis
909 2144 1016 2212 oleant,
1034 2147 1064 2197 ut
1080 2141 1160 2196 oratio

159 2217 287 2272 Romana
310 2217 394 2286 plane
417 2216 559 2283 videatur,
582 2232 639 2269 non
663 2216 776 2270 civitate
801 2217 914 2270 donata.
951 2219 1015 2272 item
1041 2217 1125 2286 Quint.
1139 2217 1160 2276 1,
1224 2213 1225 2230 ¹

160 2293 185 2355 5,
201 2293 236 2342 55
255 2288 402 2358 peregrina
425 2304 506 2356 porro
530 2303 564 2340 ex
587 2288 715 2341 omnibus
738 2304 825 2357 prope
844 2287 962 2341 dixerim
981 2287 1117 2356 gentibus,
1134 2285 1161 2334 ut

159 2360 299 2426 homines,
322 2361 355 2412 ut
377 2358 509 2412 instituta
528 2358 614 2412 etiam
636 2358 727 2412 multa
744 2361 887 2412 venerunt.
924 2361 1005 2412 taceo
1025 2360 1058 2412 de
1074 2355 1159 2409 Tuscis

160 2434 189 2485 et
215 2431 326 2484 Sabinis
355 2432 383 2484 et
408 2429 595 2483 Praenestinis
621 2447 745 2500 quoque,
773 2446 840 2483 nam
867 2432 900 2483 ut
927 2447 1023 2484 corum
1049 2443 1158 2482 sermone

159 2505 286 2556 utentem
303 2501 431 2555 Vettium
453 2500 577 2554 Lucilius
600 2501 766 2567 insectatur,
790 2518 874 2568 quem
897 2502 934 2555 ad
952 2501 1065 2554 modum
1082 2497 1158 2552 Pollio
1223 2499 1224 2536 l

160 2573 304 2642 reprendit
335 2572 363 2626 in
395 2573 473 2626 Livio
502 2572 736 2638 Patavinitatem‚
768 2572 835 2626 licet
867 2573 962 2626 omnia
993 2572 1088 2626 Italica
1115 2584 1157 2636 pro

160 2644 294 2699 Romanis
319 2644 448 2698 habeam.
486 2661 555 2712 qaae
577 2645 643 2698 baec
662 2645 840 2699 Patavinae
863 2647 947 2711 fucrit
969 2662 1048 2714 caepe
1068 2641 1156 2712 praea-

160 2724 219 2772 tum
246 2722 299 2782 θείς
331 2718 464 2771 orationis
497 2717 610 2770 colorem
642 2718 776 2783 quendam
804 2719 983 2786 percariaam
1013 2718 1094 2783 fussee
1120 2727 1158 2781 epa
1222 2749 1223 2782 3

160 2790 292 2844 caiatimo.
1222 2785 1223 2794 ’

498 2906 539 2960 11
565 2895 678 2980 [nnn
701 2905 720 2960 a
740 2897 836 2982 Peter]

229 3021 325 3087 Pollio
359 3027 481 3087 Asinius
517 3021 625 3102 parurn
661 3027 820 3105 diligenter
855 3046 1023 3103 parumque
1059 3028 1160 3101 naga

161 3117 290 3177 veritate
324 3118 502 3193 compositos
535 3117 625 3193 putat
657 3109 888 3194 [canaacaturios
909 3111 1073 3196 Caesaris],
1106 3131 1159 3173 cum

164 3207 273 3267 Caesar
304 3207 446 3282 pleraque
477 3207 509 3263 et
539 3224 614 3280 quae
645 3224 698 3282 per
728 3205 802 3264 alios
835 3208 921 3264 erant
951 3209 1038 3284 gesta
1066 3211 1160 3263 temere
1220 3233 1221 3244 κ

162 3295 322 3354 crediderit
341 3299 371 3353 et
391 3314 466 3369 quae
485 3313 538 3371 per
561 3313 600 3369 se,
623 3295 672 3353 vel
696 3295 831 3353 consulto
853 3294 1012 3354 ueletiam
1034 3293 1160 3354 memoria

163 3385 265 3456 lapsus
297 3401 453 3457 perperam
485 3382 624 3455 ediderit,
661 3385 870 3460 existimatque
901 3383 1111 3460 rescripturum
1138 3383 1162 3438 et

163 3472 363 3527 correcturum
385 3471 486 3529 fuisse.

235 3565 306 3618 Suet.
324 3566 379 3619 Iul.
394 3571 430 3619 56
448 3581 520 3621 Pollio
538 3600 565 3607 -
582 3583 656 3623 ruine.
