2504 3904
444 187 472 241 O.
490 187 577 241 Iulius
596 187 725 256 Hyginus
1028 187 1093 251 535

144 464 296 539 regionem
316 463 414 537 istam,
437 482 512 538 quae
531 482 610 521 nunc
628 466 752 522 vocatur
770 463 870 536 Italia,
892 481 984 541 regno
1003 462 1093 521 Ianus

75 552 220 628 optinuit,
244 553 306 627 qui,
329 555 364 610 ut
387 551 525 630 Hyginus
548 552 744 612 Protarchum
766 552 954 611 Trallianum
978 554 1094 610 secutus

74 640 181 716 tradit,
205 660 272 699 cum
291 639 411 701 0311333
436 660 528 716 aeque
547 641 689 718 indigena
711 643 822 700 terram
845 641 921 699 hanc
939 643 984 699 ita
1002 639 1094 716 parti·

75 733 179 806 cipeto
202 730 338 805 potentia
360 730 562 807 possidebant,
590 734 625 788 ut
647 733 729 808 regio
755 729 922 805 (lamesene,
952 730 1095 804 oppidum

74 820 246 880 Ianiculum
281 821 472 878 vocitaretur.
526 823 595 895 post
628 819 665 878 ad
698 820 804 877 Ianum
838 820 934 878 solum
970 837 1093 896 regnum
1123 837 1135 878 3

74 909 232 968 redactum
250 911 303 983 est,
327 910 378 984 qui
398 909 528 967 creditur
550 909 699 986 geminam
721 909 828 966 faciem
850 909 1037 984 praetulisse,
1060 909 1095 965 ut

76 1017 156 1075 quae
185 1000 253 1056 ante
282 1017 416 1073 quaeque
440 1000 509 1073 post
535 1000 653 1073 tergum
681 1000 778 1057 essent
805 1000 984 1072 intueretur,
1016 996 1095 1071 quod

76 1085 183 1165 procul
203 1087 292 1145 dubio
308 1087 345 1144 ad
364 1086 555 1162 prudentiam
573 1087 652 1164 regis
668 1087 890 1161 sollertiamque
908 1087 1095 1144 referendum

76 1180 131 1252 est,
161 1178 267 1250 quiet
294 1175 456 1250 praeterita
484 1179 583 1234 nosset
612 1178 641 1234 et
667 1177 770 1234 futura
798 1176 987 1250 prospiceret,
1019 1177 1096 1233 sicut

76 1267 247 1326 Antevorta
284 1268 314 1323 et
350 1265 526 1339 Postvorta,
567 1265 735 1323 divinitatis
772 1266 885 1324 scilicet
923 1265 1096 1340 aptissimae
1111 1285 1136 1324 10

76 1356 213 1428 comites,
241 1354 321 1430 apud
344 1353 493 1413 Romanos
522 1355 669 1413 coluntur.
715 1354 763 1412 hic
785 1355 880 1432 igitur
902 1353 1001 1427 Ianus,
1029 1372 1097 1412 cum

77 1445 244 1503 Saturnum
272 1443 365 1502 classe
394 1446 565 1518 pervectum
596 1445 757 1518 excepisset
783 1443 914 1519 hospitio
944 1444 973 1500 31
1002 1442 1038 1500 ab
1063 1461 1096 1500 eo

77 1534 204 1592 edoctus
233 1533 373 1606 peritiam
395 1535 473 1591 ruris
496 1532 592 1591 ferum
614 1533 701 1590 illum
724 1537 754 1590 et
777 1533 881 1590 rudem
905 1535 973 1590 ante
996 1533 1096 1609 fruges

76 1623 216 1700 cognitas
240 1623 352 1680 victum
376 1624 407 1679 in
431 1621 536 1680 melius
559 1621 731 1698 redegisset,
756 1624 840 1698 regni
864 1641 932 1679 eum
955 1621 1097 1680 societate

76 1711 256 1770 muneravit.
308 1729 374 1768 cum
402 1712 515 1786 primus
546 1729 663 1786 quoque
692 1729 761 1769 aera
789 1713 935 1787 signaret,
966 1711 1137 1770 servarites

78 1805 109 1860 et
128 1802 163 1857 in
182 1799 238 1858 hoo
253 1797 374 1858 Saturni
392 1799 599 1873 reverentiam,
622 1803 656 1858 ut
675 1800 817 1874 quoniam
834 1799 885 1857 ille
904 1801 975 1858 navi
998 1799 1098 1858 fuerat

79 1890 236 1962 advectus,
269 1908 303 1946 ex
333 1908 393 1946 una
423 1888 542 1964 quidem
571 1891 656 1965 parte
687 1888 734 1946 sui
763 1891 871 1964 capitis
904 1888 1030 1965 effigies,
1063 1907 1098 1946 ex

80 1979 180 2037 altera
201 1997 271 2036 vero
295 1980 380 2036 navis
403 1980 625 2053 exprimeretur,
649 1997 707 2054 quo
728 1977 851 2036 Saturni
873 1979 1047 2036 memoriam
1065 1979 1098 2034 in

78 2071 216 2144 posteros
244 2070 433 2142 propagaret.
458 2099 499 2106 —
529 2086 596 2124 cum
622 2067 701 2125 inter
728 2068 802 2126 haec
829 2067 927 2125 subito
952 2067 1100 2125 Saturnus

79 2177 142 2216 non
156 2156 378 2231 comparuisset,
393 2156 573 2233 excogitavit
584 2156 676 2214 13113
690 2156 836 2214 honorum
851 2157 913 2216 eius
929 2158 1097 2233 augmenta.
1113 2176 1139 2215 10

81 2265 116 2305 33
130 2247 262 2320 primum
280 2248 391 2304 terram
406 2264 522 2303 omnem
541 2245 652 2304 dicioni
670 2264 740 2304 suae
755 2248 908 2322 parentem
924 2245 1097 2304 Saturniam

80 2335 257 2407 nominavit,
282 2353 364 2392 aram
384 2334 488 2422 deinde
508 2353 575 2394 curn
594 2334 684 2392 sacris
704 2338 858 2410 tamquam
877 2334 931 2392 deo
955 2333 1096 2408 condidit,

81 2442 159 2500 quae
183 2423 355 2482 Saturnalia
378 2423 552 2482 nominavit.

155 2515 278 2568 Macrob.
294 2518 320 2578 1,
335 2518 360 2580 7,
375 2517 410 2568 19
423 2527 538 2576 regionem
551 2546 578 2552 —
591 2531 729 2577 propageret.
745 2545 772 2552 -
787 2539 838 2567 cum
856 2527 914 2567 inter
928 2544 954 2552 -
967 2526 1098 2567 1011113111

554 2648 595 2704 18
636 2650 656 2703 7

149 2754 182 2811 hi
215 2747 357 2832 [Pelasgi]
391 2754 481 2829 primi
510 2640 633 2812 11311311
656 2641 793 2812 13111333
825 2751 1026 2828 perhibentur.
1056 2784 1097 2792 -

80 2843 221 2919 Hyginus
245 2843 318 2901 dicit
336 2842 476 2920 Pelasgos
501 2861 563 2902 esse
583 2844 635 2917 qui
653 2842 799 2917 Tyrrheni
823 2845 899 2900 sunt.
927 2841 983 2899 hoc
1007 2840 1098 2900 etiam

79 2932 179 2990 Varro
203 2926 254 3010 [fr.
276 2925 353 3010 400]
378 2935 596 2990 commemorat.

153 3022 226 3077 Serv.
242 3022 340 3090 (Dim.)
354 3023 423 3075 Aen.
440 3026 467 3088 8,
480 3026 535 3075 600
556 3036 581 3075 hi
594 3054 622 3060 —
635 3035 721 3084 perhib.
736 3054 762 3061 -
776 3035 881 3085 Hyginus
895 3053 922 3060 -
934 3037 1098 3074 commemorat

78 3095 115 3161 cf.
136 3094 254 3162 Dioays.
270 3094 308 3147 H.
328 3098 354 3159 1,
367 3097 412 3147 25.

533 3210 575 3266 19
614 3210 633 3266 9

151 3313 255 3373 Sabini
278 3334 295 3372 a
318 3314 558 3373 Lacedaemoniis
588 3202 732 3392 dridinem
755 3315 876 3389 ducunt,
904 3317 937 3371 ut
960 3313 1098 3390 Hyginus

79 3406 127 3463 311
151 3403 186 3462 de
210 3404 324 3482 origine
347 3403 465 3462 urbium
488 3404 667 3478 italicarum,
691 3424 709 3462 a
732 3403 820 3479 Sabo,
843 3405 896 3479 qui
919 3403 954 3460 de
977 3402 1098 3461 Perside

80 3492 332 3553 Lacedaemonios
350 3495 499 3552 transiens
514 3494 552 3551 ad
565 3493 687 3552 Italiam
704 3494 788 3553 venit
802 3496 833 3552 et
846 3493 975 3567 expulsis
991 3492 1098 3550 Siculis

78 3585 180 3643 tenuit
203 3583 269 3643 1033
288 3602 363 3658 quae
384 3582 487 3641 Sabini
510 3583 629 3642 habent.
667 3603 735 3642 nam
755 3586 786 3641 et
805 3584 923 3658 partem
941 3581 1099 3640 Persarum
