2442 3902
408 170 444 224 M.
464 170 610 226 Terentius
633 170 718 226 Varro
1004 170 1070 235 303

38 341 151 414 potius
182 357 273 415 quam
291 357 436 416 ,gravem
467 339 546 414 quod
574 358 608 398 ea
636 339 758 414 propius
789 333 987 416 utra<m>que
1016 342 1069 413 est,
1098 354 1125 395 es

41 447 142 503 quam
166 428 224 486 illa
248 429 384 503 superior
406 432 436 488 et
458 429 582 487 inferior
604 428 683 486 inter
705 447 744 486 se.
768 461 812 471 -
834 428 1005 502 prosodiam
1027 427 1071 500 ihi

41 535 110 576 esse
148 517 288 590 dicimus,
322 517 376 577 nbi
408 521 460 576 aut
493 535 609 576 sursum
642 519 686 576 est
719 520 771 575 aut
803 517 947 578 deorsum.
995 535 1071 592 quae

41 605 209 666 demissior
233 609 279 668 est
302 599 406 685 [quae]
432 625 450 664 a
471 605 608 682 pluribus
638 607 742 685 βαρεῖα
765 607 935 682 appellatur
957 625 1071 684 graece,

40 696 146 754 latine
173 713 243 755 vero
266 695 377 772 gravis,
400 695 466 754 ideo
486 695 565 771 quod
584 695 719 754 deorsum
747 697 845 754 estin
870 696 937 754 sede
959 695 1071 754 scilicet

41 774 219 860 ponderum
246 784 426 862 graviorum.
473 788 505 843 at
532 803 598 844 eam
623 803 699 860 quae
728 803 844 844 sursum
872 787 917 843 est
941 783 1070 846 Glaucus
1099 800 1125 840 ro

42 869 271 949 ἐπιτεταμένην,
302 875 375 932 item
408 875 484 932 alins
517 874 613 946 aliter,
645 874 697 932 sed
729 893 815 933 nemo
848 874 944 931 adhuc
975 874 1071 932 levem

43 964 186 1036 vocavit,
204 963 340 1037 quamvis
354 962 385 1020 id
400 965 464 1022 erat
483 964 569 1040 gravi
583 965 778 1037 contrarium,
796 982 899 1021 verum
915 982 949 1020 ea
963 981 1069 1021 nomen

46 1051 172 1110 obtinet
194 1047 300 1125 ὀξεῖαν,
326 1051 419 1110 latine
439 1046 607 1128 acuta<m>,
630 1052 698 1111 ideo
717 1051 796 1127 quod
819 1051 917 1111 tenuis
936 1054 967 1110 et
985 1069 1071 1110 omne

46 1144 177 1199 acutum
203 1143 299 1200 tenue.
351 1142 429 1199 inter
455 1142 509 1199 has
538 1151 583 1200 est
615 1137 700 1217 μέση,
736 1141 828 1199 latine
856 1141 967 1215 media,
998 1140 1068 1216 quia

46 1231 137 1288 limes
153 1233 199 1288 est
216 1249 270 1304 per
284 1248 372 1304 quem
391 1230 466 1288 duae
486 1249 575 1305 supra
590 1230 686 1288 dictae
701 1231 780 1288 ultro
796 1231 930 1304 citroque
945 1247 1070 1288 comme·
1099 1244 1125 1286 rs

49 1321 114 1377 ant.
155 1321 281 1394 quartae
299 1319 368 1377 illas
390 1320 589 1398 coniungenti,
613 1321 684 1394 quia
702 1319 807 1378 ceteris
830 1319 998 1394 perplexior
1017 1321 1070 1393 est,

49 1409 140 1483 plura
156 1411 226 1466 sunt
239 1407 393 1466 vocabula.
426 1408 602 1467 Ammonius
614 1407 823 1481 Alexandrino,
838 1411 889 1483 qui
903 1407 1071 1466 Aristarchi

52 1497 175 1578 scholae
193 1498 343 1571 successit,
367 1493 516 1576 ὀξύβαρυν
534 1499 630 1572 vocat,
650 1497 786 1572 Ephorus
806 1500 906 1555 autem
926 1495 1070 1572 Cymaeus

51 1585 240 1664 περίσπασιν,
259 1586 420 1660 Dionysius
436 1583 593 1662 Olympius
609 1585 735 1660 δίτονον,
753 1585 960 1645 Hermocrates
975 1585 1070 1644 Iasius

54 1676 250 1750 σύμπλεκτον,
273 1675 469 1750 Epicharmus
487 1674 661 1751 Syracusius
679 1665 892 1751 ascluopa'vpv3
915 1695 1016 1734 verum
1037 1693 1071 1732 ea
1099 1691 1125 1732 ao

53 1783 134 1822 nunc
158 1763 195 1820 ab
226 1763 361 1822 omnibus
389 1761 595 1842 περισπωμὲνη
624 1783 727 1841 gaece
755 1767 887 1840 vocatur,
915 1763 994 1839 apud
1017 1782 1071 1822 nos

55 1852 144 1919 flexa,
177 1851 317 1928 quoniam
345 1855 441 1929 primo
470 1856 567 1912 erecta
594 1871 695 1912 rursus
722 1856 754 1911 in
783 1872 903 1930 gravem
933 1852 1070 1911 flectitur.

56 1944 146 2000 acuta
170 1941 275 1999 exilior
305 1943 335 2000 et
363 1941 482 2001 brevior
511 1945 541 2001 et
564 1944 645 2002 omni
670 1943 757 2001 modo
780 1944 877 2000 minor
907 1945 951 2001 est
981 1961 1071 2017 quam

55 2032 172 2108 gravis,
199 2034 234 2088 ut
261 2031 306 2088 est
333 2031 420 2089 facile
444 2051 478 2089 ei
501 2034 615 2090 musica
642 2033 830 2108 cognoscere,
860 2033 944 2089 cuius
970 2033 1070 2108 imago

56 2119 204 2195 prosodia.
242 2139 311 2177 nam
335 2123 365 2178 et
387 2123 419 2178 in
442 2120 558 2180 cithara
581 2121 719 2195 omnique
742 2121 883 2195 psalterio
904 2137 961 2194 quo
982 2139 1070 2195 quae·
1099 2136 1125 2177 as

58 2229 113 2284 que
145 2209 256 2267 chorda
286 2210 408 2284 acutior,
441 2229 475 2268 eo
504 2210 617 2282 exilior,
649 2212 679 2267 et
708 2209 784 2268 tibia
813 2212 898 2268 tanto
929 2211 973 2267 est
1000 2226 1071 2266 voce

58 2298 203 2372 sonuere,
233 2301 345 2373 quanto
373 2317 445 2357 cavo
474 2299 659 2376 angustiore,
689 2297 762 2357 adeo
786 2301 820 2356 ut
847 2298 995 2357 corniculo
1020 2301 1072 2355 aut

57 2386 211 2446 bamberio
239 2387 340 2445 addito
364 2390 484 2464 gravior
511 2387 666 2462 reddatur,
699 2387 777 2462 quod
803 2390 929 2446 crassior
957 2387 1018 2444 exit
1040 2387 1071 2443 in

58 2495 133 2535 aera.
180 2477 358 2535 brevitatem
386 2496 502 2552 quoque
531 2478 635 2535 acutae
662 2479 743 2536 vocis
770 2479 802 2533 in
829 2476 922 2534 isdem
952 2477 1071 2552 organis

57 2565 294 2636 ,animadvertere
320 2565 434 2640 licebit,
471 2567 497 2626 si
520 2565 642 2641 quidem
669 2566 757 2640 pulsu
785 2565 961 2624 chordarum
984 2565 1072 2624 citius
1099 2583 1126 2623 so

59 2659 146 2714 acuta
169 2653 344 2728 transvolat,
368 2657 467 2732 gravis
492 2658 591 2712 autem
615 2654 729 2713 diutius
754 2653 875 2713 auribus
897 2655 1071 2712 inmoratur.

59 2745 149 2802 etiam
172 2745 254 2819 ipsae
279 2743 404 2802 chordae
424 2763 500 2818 qnae
523 2744 650 2803 crassius
669 2746 777 2802 sonant
799 2743 947 2820 longiores
970 2743 1071 2801 viden-

58 2835 115 2906 tur,
146 2835 219 2907 quia
248 2833 346 2891 laxius
375 2833 552 2907 tenduntur,
583 2833 656 2891 item
685 2835 717 2890 in
747 2832 848 2892 fistula
876 2832 934 2890 duo
964 2831 1072 2890 calami

58 2921 233 2995 brevissimi,
257 2923 309 2996 qui
332 2923 521 2980 acutissimae
543 2923 632 2980 vocis.
669 2921 762 2979 tibiae
787 2940 903 2996 quoque
927 2922 1071 2978 acutiores
1115 2923 1118 2927 ’

59 3029 133 3085 quae
156 3009 319 3084 breviores,
350 3013 380 3068 et
406 3011 453 3069 his
475 3011 623 3070 foramina
650 3031 739 3087 quam
768 3013 837 3069 sunt
865 3010 910 3068 ori
937 3008 1072 3084 proxima
1099 3028 1126 3068 ss

59 3103 86 3157 et
108 3098 254 3159 brevioris
283 3101 358 3158 aen's
387 3103 500 3158 motum
529 3101 760 3175 persentiscunt,
792 3103 855 3158 tam
883 3116 984 3157 vocem
1007 3097 1071 3155 red·

59 3188 131 3246 dunt
154 3191 282 3247 acutam.
329 3189 370 3247 sic
392 3191 424 3246 in
446 3190 634 3264 loquentium
660 3189 883 3266 legentiumque
907 3183 990 3261 voce,
1020 3185 1071 3244 ubi

59 3280 126 3336 sunt
152 3277 310 3354 prosodiae
332 3278 415 3336 velut
438 3278 584 3353 quaedam
612 3279 749 3351 stamina,
777 3280 865 3336 acuta
887 3275 1005 3334 tenuior
1027 3278 1072 3334 est

60 3385 147 3440 quam
179 3369 279 3444 gravis
307 3369 337 3425 et
363 3367 460 3426 brevis
490 3367 575 3441 sadec,
605 3371 640 3426 ut
666 3387 726 3427 non
756 3367 874 3444 longius
902 3384 991 3441 quam
1019 3384 1072 3441 per

60 3475 146 3514 unam
165 3454 322 3531 syllabam,
342 3458 414 3532 quin
433 3458 524 3516 immo
543 3476 705 3532 perunum
726 3459 843 3532 tempus
866 3454 1127 3529 protrahatur31oo

62 3563 122 3603 cum
146 3545 262 3623 gravia
294 3564 352 3620 quo
375 3545 494 3604 uberior
517 3549 547 3604 et
569 3546 683 3604 tardior
707 3548 764 3620 est,
792 3545 904 3603 diutius
927 3544 959 3600 in
981 3540 1071 3600 verbo
