2504 3904
446 192 475 248 C.
493 192 580 246 lulius
599 193 728 262 Hyginus
1027 194 1093 258 529

74 363 105 420 et
128 379 181 419 ora
196 353 211 438 l
226 363 325 420 tristia
343 362 545 435 temptantum
563 380 650 421 sensu
668 361 820 436 torquebit
839 357 961 421 amaro'.
998 362 1093 440 Hygi·

18 483 29 502 0
72 466 130 508 nus
161 452 262 508 autom
286 482 327 490 —
351 450 383 508 in
406 451 639 524 commentariis,
670 470 745 526 quae
767 451 800 508 in
822 451 989 528 Vergilium
1012 453 1093 526 fecit,

73 537 231 599 confirmat
253 541 284 596 et
312 543 482 615 perseverat
504 559 563 598 non
586 540 642 599 hoc
665 559 684 598 a
707 540 840 617 Vergilio
867 541 1014 616 relictum,
1041 541 1093 600 sed
1120 556 1133 595 s

74 627 155 704 quod
181 629 245 704 ipso
268 628 415 687 invenerit
442 630 474 687 in
501 629 591 703 libro,
622 629 674 704 qui
703 631 794 688 fuerit
824 650 858 688 ex
886 630 973 690 domo
1002 633 1091 705 atque

73 717 190 776 familia
214 717 340 795 Vergilii
368 713 410 776 ‘et
438 736 489 777 ora
510 712 524 797 l
547 720 647 777 tristia
675 721 876 795 temptantum
904 737 1005 778 sensus
1031 722 1092 778 tor-

73 806 177 882 quebit
201 801 338 882 amoror',
361 825 456 883 neque
481 806 512 864 id
539 809 596 866 soli
618 807 749 884 Hygino,
773 809 824 868 sed
846 807 942 867 doctis
971 808 1090 883 quibus-

72 897 143 954 dam
174 897 265 954 etiam
292 895 365 954 viris
395 896 614 972 complacitum,
645 900 787 972 quoniam
816 897 935 956 videtur
965 897 1090 956 absurde

72 986 133 1043 dici
153 979 253 1060 ‘sapor
272 1003 359 1044 sensu
375 1003 476 1044 amero
495 980 638 1062 torquet',
657 1005 724 1044 oum
742 988 815 1062 ipse,
833 988 983 1062 inquiunt,
1002 1005 1091 1061 sapor
1104 1002 1130 1041 ro

72 1092 174 1133 sensus
199 1073 247 1147 sit,
279 1093 338 1132 non
368 1075 462 1132 elium
491 1075 523 1133 in
553 1079 645 1134 semet
674 1077 739 1151 ipso
764 1093 881 1134 sensnm
907 1075 1026 1150 habeat,
1057 1095 1090 1135 ao

71 1163 197 1239 proinde
220 1163 261 1221 sit
283 1165 369 1238 qnasi
392 1163 508 1222 dicatur
532 1159 645 1224 ‘sensus
668 1183 756 1224 sensu
780 1184 880 1224 emero
903 1160 1044 1240 torquet’.

146 1261 213 1315 Gell.
229 1266 254 1328 1,
272 1266 308 1316 21
326 1287 404 1316 versus
415 1276 469 1316 ntor
483 1295 509 1301 —
521 1279 616 1325 torquet.
645 1263 694 1316 sed
709 1263 783 1316 enim
802 1280 866 1316 cum
880 1264 1017 1317 Favorino
1032 1263 1090 1332 Hy-

70 1333 132 1402 gini
156 1333 387 1386 commentarium
413 1332 545 1403 legissem
569 1336 653 1402 atque
678 1334 704 1387 ei
728 1334 824 1387 statim
848 1333 994 1402 displicita
1016 1339 1090 1389 esset

70 1403 224 1458 insolentia
243 1407 272 1458 et
289 1404 442 1459 insuavitas
460 1404 539 1458 illius
564 1406 660 1458 ‘sensu
677 1405 822 1474 torquebit
840 1407 956 1472 emoro'‚
979 1406 1043 1460 risit
1061 1410 1090 1460 et

71 1476 177 1530 ‘lovem
184 1475 330 1544 lapidem,
339 1475 433 1544 inquit
444 1477 531 1544 ‘quod
539 1477 746 1530 sanctissimum
755 1477 951 1530 iusiurandum
959 1478 1090 1531 hobitum

71 1549 123 1612 est,
141 1550 258 1614 paratus
277 1563 329 1616 ego
348 1546 440 1601 iurare
456 1565 517 1600 snm
530 1547 687 1617 Vergilium
702 1547 755 1601 hoo
768 1565 921 1616 numquam
936 1550 1088 1618 scripsisse,

71 1619 121 1672 sed
143 1617 288 1685 Hyginum
314 1635 366 1686 ego
391 1635 486 1672 verum
512 1619 605 1672 dicere
631 1619 757 1673 arbitror.
796 1637 851 1673 non
880 1619 954 1673 enim
981 1621 1089 1689 primns

71 1688 153 1743 linxit
175 1691 227 1742 hoc
250 1689 365 1743 verbum
383 1689 525 1760 Vergilius
544 1690 710 1758 insolenter,
729 1691 827 1744 sedin
846 1692 1016 1745 carminibus
1035 1692 1088 1745 Lu-

70 1760 142 1815 creti
159 1760 273 1814 invento
291 1778 357 1814 nsus
377 1763 420 1814 cst
439 1762 580 1833 [inventus
600 1763 642 1815 est
665 1762 757 1817 codd:
775 1780 823 1816 cnn.
843 1763 1008 1834 Ebrentbol]
1032 1781 1088 1817 non

69 1833 242 1956 tersit:
257 1832 577 1977 {steininen}
593 1834 1091 1978 istitsentiente

70 1991 135 2028 cum
149 1974 255 2027 tuimur
268 1975 379 2029 misceri
393 1976 544 2043 absinthia,
559 1976 654 2046 tangit
668 1977 796 2030 emaror’.
825 1993 881 2031 non
895 1977 979 2032 verba
993 1981 1087 2031 entem

70 2045 139 2113 solu,
159 2046 208 2099 scd
227 2060 321 2099 versus
344 2063 431 2116 prope
454 2049 529 2102 totos
549 2049 577 2100 et
595 2048 671 2102 locos
690 2065 801 2116 quoqne
820 2048 932 2102 Lucreti
951 2049 1086 2118 plurimos

69 2119 209 2170 sectatum
235 2134 294 2171 esse
318 2118 474 2188 Vergilium
499 2119 633 2172 videmus.
671 2122 704 2186 cf.
729 2119 801 2174 Sero.
825 2138 850 2190 y.
870 2125 897 2186 2,
915 2124 978 2175 247.
1005 2123 1087 2176 norbo

70 2189 129 2243 ‘sed
152 2191 225 2243 enine
243 2221 276 2228 —
295 2190 427 2244 cidernns’
452 2191 483 2244 in
507 2192 617 2261 Hypinn'
641 2192 778 2259 exemptor
800 2193 899 2257 referre
923 2209 1008 2246 anans
1029 2210 1087 2247 non

68 2277 139 2326 mm,
158 2261 282 2329 quanvis
299 2262 359 2315 eino
376 2277 430 2316 esse
442 2263 548 2330 possint
562 2263 607 2330 (of.
622 2262 755 2328 Fronde,
769 2263 904 2317 Festscbn.
914 2265 935 2330 f.
945 2265 966 2316 I
973 2265 1084 2318 Vahlen.

69 2331 169 2385 Berlin
188 2336 259 2386 1900
271 2348 302 2401 p.
319 2336 380 2388 542.
418 2333 536 2388 Ribbeck
549 2351 580 2402 p.
600 2336 715 2402 117eq.).

141 2445 157 2492 6
176 2438 245 2505 quid
263 2439 355 2494 Porro.
372 2440 457 2494 Votic.
548 2442 632 2508 etque
652 2456 686 2493 ex
705 2441 791 2496 Velio.

136 2689 229 2771 ‘ipse
254 2695 436 2765 Quirinali
463 2697 557 2756 lituo
580 2716 763 2775 parvaque
787 2699 935 2758 sedebat
961 2692 976 2779 s
1004 2701 1084 2758 sub-

67 2786 209 2845 cinctus
238 2785 365 2845 trabea
395 2787 570 2862 laevaque
605 2789 724 2846 ancile
754 2783 922 2865 gerebat?
977 2791 1008 2846 in
1038 2789 1084 2848 his

67 2874 202 2935 versibus
227 2869 314 2953 [Aen.
331 2878 359 2943 7,
376 2868 453 2953 187]
478 2894 589 2936 errasse
608 2876 746 2954 Hyginus
764 2877 931 2954 Vergilium
955 2879 1085 2954 scripsit,

66 2966 222 3038 tamquam
248 2983 309 3024 non
336 2965 580 3024 animadverterit
609 2965 708 3026 deesse
737 2966 850 3041 aliquid
877 2967 956 3026 hisce
984 2967 1081 3026 verbis

67 3048 143 3129 ‘ipse
176 3051 324 3122 Quirinali
355 3049 456 3112 lituo'.
516 3073 594 3112 nam
631 3056 660 3114 si
696 3056 789 3113 nihil
825 3057 925 3130 inquit
962 3055 1082 3116 deesse
1111 3076 1123 3118 s

66 3143 445 3218 animadverterimus,
482 3142 625 3202 videtur
662 3145 714 3202 ita
751 3145 901 3218 dictum,
938 3148 977 3203 ut
1013 3146 1083 3204 fiat

68 3228 177 3290 ‘lituo
205 3233 240 3290 et
267 3231 393 3290 trabea
421 3229 654 3307 subcinctus,
688 3233 783 3308 quod
810 3237 864 3292 est
894 3234 992 3310 inquit
1023 3236 1082 3293 eb·
1170 3244 1173 3251 '

65 3320 332 3395 surdissimum3
362 3321 495 3397 qnippe
518 3338 593 3380 cum
621 3323 735 3382 lituus
759 3324 808 3382 sit
830 3323 934 3400 virga
961 3323 1081 3383 brevis

65 3413 102 3468 in
120 3413 238 3485 perte,
261 3428 330 3485 que
352 3410 538 3470 robustior
561 3414 627 3485 est,
650 3413 813 3490 incurva,
837 3431 905 3489 qna
926 3432 1081 3490 augures

66 3502 236 3574 utuntur,
266 3519 418 3574 quonam
446 3500 546 3558 modo
579 3495 802 3560 ‘s'uboinctus
825 3497 935 3562 lituo'
967 3502 1122 3563 viderim

65 3587 211 3664 potest?

120 3698 285 3739 Grammsticae
299 3699 415 3739 Bonnense
429 3700 558 3748 fragmenta
577 3699 610 3739 ed.
625 3700 747 3739 Fusnronr
834 3695 867 3742 34
