2534 3908
494 175 522 230 0.
541 175 665 229 Lucilius
1046 173 1087 237 41

79 346 159 420 pium
179 347 313 404 imitatus
332 347 378 404 est
396 345 453 403 sibi
473 345 578 420 primo,
601 363 670 404 mox
691 343 828 404 omuibus
852 343 1090 402 detrectacturus

81 453 145 492 cum
170 437 252 494 tants
278 436 442 493 recentium
470 437 627 512 poetarum
651 436 682 492 et
705 437 856 492 craterum
884 435 1117 508 insectationes

80 526 116 582 ut
138 525 221 582 etiam
244 524 394 590 Neronem
416 525 582 599 principem
604 523 686 581 illius
709 522 852 598 temporis
881 523 1090 598 inculpaverit.

151 619 165 665 3
184 614 259 667 cuius
279 646 313 653 -
333 615 376 667 est
394 615 454 667 secl.
476 614 565 667 Marce

503 747 545 804 re
569 740 662 824 [888]

82 853 99 908 l.
117 853 154 910 X.
192 853 313 911 horum
329 855 383 911 est
401 853 577 912 iudicium
592 871 763 928 crassum,
782 857 821 912 ut
836 851 1092 928 descripsimus

803 929 804 934 ἵ
935 943 1030 1014 ante,
1093 991 1095 996 ,

192 1031 255 1090 hoc
278 1032 346 1105 est,
374 1030 461 1105 quid
488 1049 635 1103 sumam,
663 1030 749 1106 quid
772 1050 854 1105 non,
888 1031 923 1088 in
952 1049 1094 1108 quoque

150 1201 220 1255 Neu.
231 1218 261 1270 p.
278 1205 340 1267 396,
355 1205 391 1254 13
406 1215 513 1254 sumere
528 1199 614 1254 etiam
634 1199 774 1269 significat
793 1201 905 1271 eligere.
922 1121 1094 1254 —lollddliliird

82 1273 233 1326 saturarum
255 1271 305 1325 lib.
324 1271 362 1326 X:
385 1287 466 1326 uorum
485 1303 518 1310 —
537 1287 641 1325 locemus.
671 1273 812 1327 cerberum
836 1273 965 1327 delectum
988 1275 1019 1326 iu
1042 1274 1094 1326 elo·

82 1345 188 1410 puerilia
210 1344 370 1408 Buecheler,
393 1360 484 1398 rerum
507 1345 539 1396 iu
558 1345 636 1412 poesi
660 1344 749 1398 Maru
770 1345 836 1398 baec
862 1350 982 1412 spectare
1004 1345 1094 1412 suspi-

83 1422 182 1469 rantur.

148 1495 299 1550 honorum:
319 1513 367 1549 em.
382 1495 456 1550 Beth
469 1494 605 1548 bonorum
620 1496 641 1548 Ι
641 1494 741 1550 Deuca
807 1495 907 1548 crassis
920 1498 953 1548 ut
968 1494 1095 1548 discribi-

84 1583 152 1619 mus:
166 1567 276 1634 phrasis
290 1569 323 1619 ut
337 1566 469 1634 descrips.
498 1567 646 1620 Buecheler
660 1565 752 1619 Crassi
767 1566 839 1620 sicut
854 1567 971 1623 describ.
1000 1567 1096 1636 Ocrpel

86 1637 156 1690 cn'sis
174 1641 205 1692 ut
224 1637 403 1692 discribimus
421 1639 511 1694 Mera
525 1653 649 1691 cressum
666 1638 766 1706 scripsi
770 1658 780 1704 ;
799 1638 858 1692 aliu
876 1655 964 1707 uuper
982 1640 1098 1694 leuteuit

86 1707 144 1774 Leo,
164 1710 236 1766 Gru.
255 1711 363 1782 yelehrt.
384 1711 454 1764 Aur.
475 1713 593 1777 190612.
611 1712 667 1762 850

507 1844 547 1899 19
572 1836 666 1920 [888]

87 1948 103 2004 l.
128 1950 163 2010 X.
219 1945 277 2008 ‘ne
301 1981 319 2008 υ
341 1952 378 2008 iu
409 1969 488 2008 arce
520 1948 645 2008 bovem
678 1949 855 2026 descripsi
887 1946 1095 2026 magnifice'

149 2121 255 2174 Dahae.
270 2121 328 2174 ler.
339 2120 419 2174 uude.
429 2124 457 2184 2,
468 2118 553 2186 824θ
569 2119 626 2173 ‘ne'
637 2119 728 2187 valde,
744 2122 801 2187 aut,
816 2122 848 2173 ut
862 2042 1098 2187 quidamliidldiitt,

87 2205 207 2257 equam.
245 2190 370 2243 Lucilius
389 2191 419 2243 in
439 2191 559 2246 decimo:
579 2217 607 2245 ne
622 2223 655 2230 —
671 2205 751 2254 inquit.
785 2199 867 2260 poeta
891 2193 1004 2260 quidum
1028 2194 1098 2247 derl-

87 2261 140 2316 derr‘
156 2263 273 2316 videtu.
302 2263 334 2316 iu
352 2279 431 2316 versu
444 2264 567 2318 Atticum
583 2264 759 2330 proverbium
783 2265 850 2334 βοῦς
869 2262 899 2317 ἐν
917 2260 996 2316 πόλει
1015 2282 1098 2334 epuc-

87 2335 121 2388 cr'l
139 2334 252 2400 OJabu,
272 2335 386 2388 Hermes
400 2337 425 2387 3.
446 2337 542 2404 (1869)
552 2351 582 2404 p.
598 2339 660 2388 181.

151 2438 187 2477 ne
201 2439 285 2490 quem
301 2440 341 2492 cp.
357 2425 401 2492 (88
413 2438 505 2491 neque
519 2424 595 2478 codd.
606 2425 779 2492 deteriorum)
797 2423 831 2492 νὴ
841 2420 889 2476 τόν
904 2424 1052 2478 Buecheler
1065 2441 1100 2478 ne

86 2493 182 2564 <illum
192 2492 268 2566 ego>
281 2495 370 2548 Maru
432 2494 462 2546 in
473 2495 548 2566 aree]
562 2511 656 2549 marce
671 2496 757 2550 Valle.
770 2496 867 2564 Beyiu.
879 2493 942 2548 Lat.
955 2499 1027 2549 1496
1037 2522 1070 2541 =
1079 2497 1106 2550 V

86 2565 230 2634 descripsit
251 2564 338 2620 0888.
371 2566 466 2633 peisti
491 2566 517 2619 V

507 2702 550 2758 20
576 2693 669 2779 [888]

147 2809 166 2865 l.
187 2807 227 2865 X.
273 2806 416 2880 Porphyr.
438 2806 513 2864 Hor.
537 2824 622 2864 serua
643 2810 671 2874 1,
689 2809 740 2877 10,
755 2806 798 2864 53
822 2831 864 2852 =
887 2807 926 2878 fr.
948 2810 966 2863 1

151 2907 261 2974 relique
276 2905 342 2959 lebre'
356 2905 388 2958 X
397 2907 554 2975 fraumenta
573 2904 611 2957 ad
628 2905 712 2959 huius
729 2905 803 2958 modi
822 2912 984 2975 arqumeutu
1002 2907 1103 2973 referre

86 2979 176 3044 888888,
194 2976 243 3032 secl
260 2992 304 3030 res
322 2977 405 3030 uiuere
423 2978 528 3031 lacerta
546 2983 591 3030 est.

510 3112 552 3169 21
579 3103 672 3188 [437]

149 3220 168 3278 l.
178 3219 259 3278 XII.
279 3213 402 3296 alii<e>
412 3219 482 3277 vino
496 3217 681 3276 arbitrantur
697 3210 1105 3295 [lruyocdiuruuomluuturu],

88 3311 244 3384 propterea
267 3301 389 3384 (quod)
413 3307 485 3366 olim
508 3305 577 3386 τρὺξ
606 3305 810 3381 dictitabatur,
839 3325 856 3364 a
880 3324 940 3380 quo
963 3304 1105 3384 τρύγητος

88 3396 232 3474 hodieque
255 3395 407 3456 vindemia
430 3399 484 3469 est,
507 3397 578 3472 quia
601 3394 788 3453 Liberalibus
813 3394 895 3469 apud
917 3394 1034 3454 Atticos
1058 3394 1105 3453 die

89 3486 161 3546 festo
175 3485 280 3544 Liberi
297 3487 393 3559 patris
411 3485 516 3544 vinum
535 3484 706 3543 cantoribus
724 3503 778 3559 pro
796 3482 954 3542 corollario
969 3482 1106 3555 dabatur,

90 3577 172 3634 cuius
195 3575 242 3633 rei
263 3574 348 3633 testis
372 3577 416 3632 est
439 3573 573 3633 Lucilius
597 3573 628 3631 in
651 3572 832 3632 duodecimo.
1121 3587 1133 3626 s
