2442 3902
161 165 228 229 290
308 163 516 218 Grammaticae
534 163 638 218 aetafis
655 163 847 218 Varronianae
865 163 1028 233 fragmenta

133 335 215 391 aaut
242 333 340 391 minus
370 335 426 390 ant
453 332 522 408 plus
552 332 679 390 tradidit
708 330 793 390 nobis
822 351 913 407 quam
943 333 1026 407 quod
1054 333 1160 407 accepit.

159 439 230 479 nam
251 422 362 497 siquis
385 421 468 480 dicat
489 419 617 480 scrimbo
635 421 716 496 quod
739 423 785 478 est
807 420 912 496 scribo,
936 441 996 479 non
1020 422 1161 497 analogiae

160 510 272 570 virtute
295 510 347 570 sed
368 513 496 569 naturae
519 510 614 585 ipsius
637 509 850 568 constitutione
874 512 1069 569 convincitur:
1104 529 1161 568 ana·

159 599 242 676 logia
271 601 414 658 sermonis
438 617 456 657 a
483 601 592 658 nature
619 599 732 674 proditi
761 597 911 658 ordinatio
942 602 988 658 est
1017 598 1161 658 secundun

159 689 310 747 technicos
332 707 429 764 neque
452 688 541 747 aliter
558 687 718 747 barbaram
735 689 872 764 linguam
893 688 930 746 ab
950 689 1069 748 erudita
1087 707 1161 764 quan

121 789 147 829 ¹⁰
161 780 320 855 argentum
351 796 370 835 a
400 776 524 852 plumbo
556 777 705 835 dissociat.
756 777 938 836 consuetudo
970 797 1030 836 non
1062 777 1161 836 ratione

161 867 318 944 analogiae
346 866 397 924 sed
420 866 533 924 viribus
560 885 617 942 par
640 869 693 940 est,
724 866 798 944 ideo·
816 867 912 924 solum
939 869 1067 943 recepta
1096 865 1161 942 quod
1212 879 1213 882 ’

160 955 323 1014 multorum
350 956 540 1014 consensione
570 955 735 1029 convaluit,
765 957 810 1013 ita
837 957 939 1014 tamen
966 958 1001 1014 ut
1028 957 1075 1014 iiii
1102 956 1160 1013 artis

160 1045 239 1104 ratio
256 1064 317 1103 non
336 1045 458 1103 accedat
476 1044 527 1102 sed
545 1043 709 1120 indulgeat.
741 1062 812 1101 nam
831 1062 866 1102 ea
879 1057 901 1103 'e
918 1043 1160 1120 medioloquendi

161 1153 218 1192 usu
254 1135 368 1209 piacita
404 1133 558 1192 adsumere
595 1134 756 1191 consuevit.
810 1133 973 1192 auctoritas
1010 1135 1042 1191 in
1072 1133 1161 1210 reguis

122 1234 148 1274 15
161 1222 303 1298 loquendi
325 1223 488 1281 novissima
506 1225 559 1281 est.
598 1241 724 1296 namque
747 1221 799 1280 ubi
822 1223 1109 1298 omniadefeeen'nt,
1128 1223 1161 1280 sic

161 1312 200 1370 ad
227 1311 311 1370 iilam
339 1331 427 1386 quem
455 1310 493 1369 ad
519 1311 641 1370 modum
669 1311 707 1369 ad
734 1329 874 1370 ancoram
901 1311 1075 1370 decurritur.
1114 1329 1162 1368 non

161 1401 241 1460 enim
259 1402 419 1476 quicquam
442 1402 495 1459 aut
516 1402 642 1460 rationis
662 1402 715 1458 aut
732 1403 858 1458 nonnae
883 1403 937 1458 aut
955 1400 1162 1460 consuetudinis

162 1489 261 1564 habet,
285 1509 352 1548 cum
373 1491 493 1548 tantum
516 1491 655 1565 opinione
679 1489 840 1547 secundum
862 1492 998 1548 veterum
1021 1491 1162 1549 lectionem

162 1581 282 1653 recepta
309 1581 350 1636 sit
376 1597 430 1637 nec
457 1581 590 1654 ipsorum
616 1581 730 1652 tamen,
763 1578 789 1635 si
816 1579 1039 1655 interrogentur
1066 1597 1114 1637 cur
1137 1575 1162 1634 id

122 1679 149 1720 ao
163 1669 258 1726 secuti
281 1669 358 1742 sunt,
382 1669 546 1726 scientium.

233 1793 326 1846 Diem.
343 1809 371 1860 p.
386 1796 449 1859 439,
465 1796 499 1847 15
515 1807 616 1846 utinum
629 1824 655 1831 -
668 1806 791 1846 suentium.
811 1793 891 1846 oriar.
907 1809 937 1860 p.
953 1797 998 1859 50,
1013 1798 1049 1848 25
1067 1791 1164 1846 constat

163 1878 229 1932 crgo
253 1863 370 1917 Latinus
394 1880 483 1918 sermo
506 1865 608 1916 natura
627 1862 760 1932 analogia
778 1863 980 1917 consuetudine
1002 1864 1161 1918 auctoritate.

162 1952 244 1988 natira
257 1950 376 1990 verborum
388 1950 549 1997 nominumque
567 1949 706 1989 inmutabilis
720 1953 753 1988 est
768 1966 802 1974 -
819 1950 927 1988 sermonis
945 1960 960 1987 a
972 1954 1054 1990 natura
1071 1932 1162 2004 proditi

163 2005 304 2059 ordinatio
324 2009 366 2060 esi
383 2031 456 2068 neque
470 2021 536 2060 aliter
554 2037 587 2045 -
605 2021 743 2060 consuetudo
761 2023 817 2059 non
836 2008 896 2059 arie
915 2021 1034 2070 analogiae
1053 2039 1083 2047 -
1101 2023 1124 2060 ut
1135 2018 1163 2058 iiii

164 2077 232 2131 artis
246 2092 304 2132 ratio
318 2109 352 2117 -
366 2092 487 2141 indulgeat
506 2092 627 2132 auctoritas
639 2092 664 2130 in
677 2092 755 2140 regula
769 2108 802 2116 -
817 2101 883 2139 quem
898 2091 927 2130 ad
940 2092 1033 2132 modum
1051 2079 1085 2131 ad
1097 2093 1163 2130 tram

164 2165 272 2202 sacram
295 2163 420 2202 decurritur
439 2180 472 2188 -
491 2164 569 2212 naseu
599 2149 712 2201 tantum
737 2148 870 2216 opinione
897 2150 1041 2202 oratorum
1064 2149 1164 2216 recepte

165 2222 220 2286 est,
249 2219 299 2288 qui
325 2222 354 2273 et
378 2219 434 2288 ipsi
460 2236 509 2272 cur
533 2219 564 2272 id
589 2220 679 2273 secuti
702 2222 795 2273 essent
819 2219 843 2272 si
866 2218 987 2273 fuissent
1004 2217 1164 2289 interrogati,

163 2291 271 2346 nescire
290 2290 493 2344 confiterentur.
515 2291 617 2361 Quint.
637 2295 661 2356 1,
677 2295 703 2356 6,
719 2297 733 2345 1
749 2295 837 2344 sermo
852 2292 964 2344 constat
977 2292 1085 2346 ratione
1096 2293 1163 2344 vetu-

165 2365 238 2418 state
258 2362 426 2415 auctoritate
445 2362 655 2416 consuetudine.
680 2362 715 2428 cf.
736 2365 762 2427 9,
777 2365 802 2428 3,
817 2366 841 2416 3.
868 2362 967 2417 Victor.
978 2380 1009 2432 p.
1025 2359 1164 2428 189917-

163 2435 262 2488 tinitas
282 2433 350 2502 quid
370 2435 429 2487 est?
449 2433 606 2490 obseruatio
624 2431 785 2501 incorrupte
804 2432 939 2500 loquendi
957 2435 1106 2488 secundum
1118 2431 1163 2484 Ro·

163 2522 277 2560 manam
295 2505 431 2574 linguam.
451 2507 520 2572 quot
538 2505 628 2559 modis
647 2506 757 2558 constat
775 2503 922 2559 latinitas?
940 2505 1041 2560 tribus.
1059 2504 1163 2572 quibus?

163 2577 274 2631 ratione
293 2576 461 2630 auctoritate
480 2575 690 2630 consuetudine.
722 2575 757 2642 cf.
778 2575 859 2631 Prot.
880 2579 943 2630 inst.
963 2584 1016 2630 art.
1032 2594 1061 2646 p.
1075 2577 1164 2642 47,19.

164 2652 212 2704 Au
230 2655 281 2703 ast.
306 2665 352 2702 are
370 2665 399 2717 p.
424 2652 491 2714 494,
511 2652 534 2702 3.
581 2648 688 2702 Audeo
710 2663 764 2702 eac.
784 2664 815 2715 p.
835 2651 903 2713 322,
922 2652 967 2701 21.
1014 2649 1110 2703 Auecd.
1131 2644 1162 2698 ii

160 2737 190 2790 p.
211 2666 321 2774 dlxx]
327 2719 356 2772 V.
393 2720 504 2774 dcccco
524 2719 664 2773 ‘vetustae'
681 2735 733 2786 pro
758 2719 883 2772 ‘acturo'
909 2720 987 2788 apud
1006 2719 1096 2788 Quint.
1129 2719 1165 2782 (ec

165 2790 360 2862 Palaemone?)
388 2797 524 2859 usurpata
542 2791 625 2858 deque
642 2791 747 2860 tripiici
762 2806 815 2858 pro
834 2791 1014 2859 quodnepiici
1031 2789 1165 2846 latinitatis

165 2863 298 2917 oa'cieioce
317 2863 394 2933 apud
414 2863 574 2931 posteriores
595 2863 786 2932 grammaticos
809 2862 842 2928 os.
869 2861 969 2916 Usener
986 2862 1053 2916 idid.
1068 2879 1095 2931 p.
1113 2861 1163 2914 624.

165 2935 235 2988 libro
249 2935 268 2986 1
284 2935 328 2987 De
346 2950 424 2988 eum.
443 2935 477 2987 L.
498 2934 596 2988 tribuit
612 2933 768 2987 mimarios
782 2936 871 3000 1279.
893 2937 955 2999 170,
982 2935 1062 2988 aliter
1080 2933 1165 2988 Usener

165 3006 431 3074 Mamm.

238 3137 317 3191 chin
336 3155 386 3193 oni.
407 3140 434 3193 B
453 3165 487 3183 =
507 3139 598 3193 Paris.
620 3140 699 3203 7493,
719 3137 854 3206 Monac.)
945 3139 1164 3202 nominumque

167 3210 247 3265 Odor.
272 3209 452 3278 omniumque
477 3212 505 3264 A
529 3237 563 3255 =
587 3210 678 3264 Paris.
700 3212 779 3274 7494,
806 3209 844 3260 Μ
867 3209 993 3262 omnium
1021 3226 1076 3277 que
1099 3209 1163 3262 Bu

171 3281 326 3336 rotmanis
345 3281 469 3335 omnium
487 3283 519 3336 in
536 3299 588 3352 my.
607 3281 664 3335 cod.
686 3280 766 3336 coar.
821 3279 986 3334 inmutabili
1003 3297 1039 3333 ne
1057 3298 1083 3348 q.
1100 3275 1163 3334 codd·

166 3353 209 3404 est
232 3351 296 3404 cdd.
321 3351 402 3405 (itur.
515 3357 532 3405 6
555 3369 606 3421 pro
629 3367 662 3405 eo
684 3351 760 3418 quod
784 3351 866 3406 Utar.
976 3356 992 3404 9
1016 3349 1121 3405 omnir
1137 3343 1165 3398 li

166 3418 260 3472 erudit
278 3421 339 3474 AB
449 3426 480 3474 11
505 3440 569 3490 pars
589 3423 659 3474 AM
765 3426 798 3473 12
824 3421 1002 3476 consessione
1021 3421 1118 3492 (·esio·
1134 3417 1163 3473 Bi

167 3489 371 3612 whom
385 3492 450 3544 ΒΜ
468 3492 650 3546 anachortam
664 3494 691 3546 A
710 3509 787 3544 aram
801 3509 909 3546 sacram
925 3493 1006 3548 dicar.
1070 3499 1103 3546 20
1119 3489 1164 3544 sint
