2534 3908
329 182 370 236 De
388 182 463 236 ludis
481 181 639 236 litterarum
658 183 686 234 et
705 181 847 251 magistris
1034 183 1098 236 XIX

80 344 156 412 quod
177 344 244 397 add.
262 345 364 398 Medic.
384 361 418 396 m.
436 347 456 397 2
474 359 560 410 quam
579 341 652 414 (in)
672 342 747 409 quod
766 342 830 396 add.
848 344 994 398 Buecheler
1012 361 1097 412 quam

82 416 158 484 qnod
178 414 244 468 add.
265 415 338 487 (in)
361 415 422 470 Otto

147 533 201 590 30.
233 529 314 590 Cass.
338 531 398 588 Dio
426 530 478 597 48,
499 531 590 598 33,1
618 527 708 587 ταῦτά
735 549 764 587 τε
792 519 847 588 οὖν
876 529 970 600 οὕτως
997 527 1029 589 ἐν
1057 536 1096 613 τῷ

79 618 134 680 ἔτει
157 616 262 702 ἐκείνῳ
287 612 329 697 [a.
350 611 491 697 miro]
515 615 661 696 ἐπράχθη,
684 614 734 676 nal
751 621 918 696 Σφαῖρον
943 616 958 678 ὁ
980 621 1096 697 Καῖσαρ

78 706 273 788 παιδαγωγόν
303 729 332 767 τε
362 705 412 766 καὶ
441 705 630 784 ἐξελεύθερον
660 705 751 766 αὐτοῦ
781 704 941 784 γενόμενον
970 708 1097 790 δημοσίᾳ

77 797 188 870 ἔθαψε.
226 814 289 852 cmm
314 797 482 852 Octauianus
512 797 613 851 Caesar
645 814 671 850 a.
696 797 805 868 691163
836 804 920 852 natas
951 799 999 864 eit,
1027 799 1097 852 Inlii

77 879 197 949 Sphaeri
215 895 299 946 opera
318 885 344 932 et
361 877 502 932 industria
520 879 551 930 in
570 882 684 931 aetatem
704 878 913 932 Ciceronianam
932 879 1037 933 incidit.

146 997 191 1052 31
226 993 295 1067 Dia.
317 996 367 1061 17,
386 994 416 1061 2,
438 995 478 1050 71
504 989 600 1066 (Pani.
620 992 638 1049 l.
657 991 721 1049 ΙΙΙ
740 995 803 1065 epit.
823 991 925 1066 Alfeni
944 990 1014 1068 elia.)
1038 993 1096 1052 duo

79 1085 257 1143 societatem
281 1083 423 1154 coierunt,
446 1084 481 1138 ut
499 1083 727 1157 grammaticam
745 1081 891 1155 docerent,
915 1086 945 1139 et
965 1082 1044 1156 quod
1062 1102 1097 1141 ex

78 1191 112 1230 eo
136 1171 269 1230 artificio
293 1173 433 1246 quaestus
457 1170 604 1241 fecissent,
629 1188 782 1229 commune
806 1190 908 1229 eorunm
931 1175 1016 1230 esset.

146 1307 200 1364 32.
231 1303 309 1363 Snet.
333 1304 391 1364 Inl.
413 1306 456 1362 42
488 1307 643 1378 omnisque
675 1303 853 1362 medicinam
885 1305 997 1362 Romae
1029 1325 1096 1380 pro-

78 1395 172 1454 fessos
197 1395 228 1452 ct
250 1393 419 1451 liberalium
443 1394 553 1450 antium
577 1394 720 1466 doctores,
744 1411 802 1469 quo
825 1393 966 1454 libentius
985 1397 1098 1471 stipsi

78 1482 184 1541 urbem
216 1481 380 1541 incolerent
412 1485 442 1540 et
474 1483 564 1540 ceteri
597 1481 782 1557 adpeterent,
820 1484 942 1541 civitate
974 1483 1098 1541 donavit

79 1565 232 1651 [oman.

146 1729 247 1792 poetas
273 1723 389 1778 rhetores
413 1723 587 1790 philosophos
613 1722 815 1776 mathematicos
846 1723 961 1778 medicos
994 1725 1097 1778 Romae

78 1801 275 1850 commorantes
302 1795 451 1862 complures
478 1795 529 1847 hac
560 1799 646 1848 aetate
676 1795 841 1860 inoenimns,
867 1811 934 1863 anos
960 1796 1098 1849 Hillseher

79 1869 245 1921 numeravit.
289 1865 321 1919 ob
351 1865 476 1920 Caesaris
503 1871 594 1919 antem
620 1866 741 1934 qratiam
768 1868 899 1920 memoria
926 1866 1006 1936 diyni
1032 1873 1097 1920 sunit

81 1939 270 2007 lheoparnpns
297 1937 509 2007 amthopraphns
536 1936 621 2005 (Pint.
649 1937 723 1990 Caes.
747 1940 792 1989 48.
836 1936 934 1991 Strabo
963 1941 1010 2003 14,
1034 1942 1096 1991 656.

79 2010 130 2064 cic.
148 2009 189 2063 ad
203 2011 263 2062 Att.
273 2009 400 2077 passim),
414 2008 604 2062 Artemidorus
621 2008 679 2061 eins
696 2008 772 2074 filins
792 2007 899 2075 (Strabo
914 2009 990 2078 ibid.)
1008 2010 1098 2063 rhetor

79 2081 163 2149 (Plnt.
188 2081 264 2134 Caes.
286 2082 339 2148 65),
358 2078 497 2148 Sosipenes
514 2079 719 2133 mathematicus
738 2078 823 2146 (Plin.
843 2097 870 2132 n.
890 2080 915 2132 h.
931 2084 974 2145 18,
988 2082 1060 2148 211).

142 2205 197 2262 33.
221 2201 301 2261 Suet.
320 2202 355 2260 de
375 2221 497 2277 promm.
519 2205 539 2260 3
559 2228 601 2249 =
622 2203 717 2262 Varro
735 2205 772 2276 fr.
794 2205 859 2262 320
881 2221 952 2261 nam
973 2205 1006 2260 in
1029 2223 1096 2278 pro-

79 2295 194 2352 vincias
220 2309 338 2366 quoqne
361 2293 557 2368 grammatice.
580 2294 797 2366 penetraverat,
821 2309 855 2350 ac
878 2311 938 2351 non
960 2292 1038 2349 nulli
1060 2292 1096 2350 de

78 2381 245 2442 notissimis
268 2380 437 2439 doctoribus
460 2400 582 2457 peregre
604 2380 777 2453 docuerunt,
800 2383 928 2440 maxime
946 2382 979 2438 in
998 2379 1096 2440 Gallie

77 2475 196 2551 togata3
230 2471 310 2528 inter
341 2488 414 2544 quos
447 2467 620 2528 Octavius
651 2470 787 2528 Teucer
819 2473 849 2528 et
883 2469 1095 2528 Sescennius

78 2560 231 2620 Iacchus
262 2563 293 2617 et
322 2556 459 2634 Oppius
487 2556 632 2635 Chares3
662 2559 710 2616 hio
742 2559 861 2633 quidem
892 2559 929 2617 ad
959 2559 1122 2618 ultimams

79 2653 210 2709 aetatem
242 2649 271 2706 et
299 2666 365 2706 cum
390 2649 452 2705 iam
479 2667 540 2707 non
566 2649 702 2724 ingressu
730 2648 817 2706 modo
846 2647 1019 2707 deficeretur
1046 2648 1097 2707 sed

78 2743 106 2798 et
127 2742 207 2798 visu.
252 2736 285 2790 de
305 2737 415 2792 Octauio
433 2738 534 2791 Tenere
552 2737 625 2790 nihil
643 2737 723 2790 alind
742 2737 875 2792 traditam
894 2744 938 2791 est.
967 2738 1097 2791 Iacchum

76 2823 237 2889 scriptorem
259 2818 344 2883 fnisse
366 2835 399 2872 en
422 2818 517 2871 Plinio
539 2819 720 2887 perspicitnr‚
744 2820 793 2886 qai
815 2835 875 2871 enm
899 2818 940 2871 bis
959 2819 989 2870 in
1008 2819 1097 2871 inlice

79 2910 102 2944 n.
120 2894 146 2945 h.
168 2895 314 2955 nannai,
341 2889 372 2942 in
395 2889 412 2942 l.
432 2889 564 2942 XXXII
579 2889 621 2958 (de
644 2889 781 2943 medicina
803 2905 836 2943 en
854 2889 1038 2957 annullabas,-
1061 2891 1095 2956 cf.

78 2965 209 3026 manzer,
222 2959 407 3028 (innitemini.
418 2961 473 3030 Ny.
482 2961 507 3013 ci.
518 2961 627 3028 Plinp.
638 2962 703 3028 368)
713 2967 739 3014 et
748 2961 841 3014 XXX
846 2961 908 3014 VII
913 2961 956 3028 (cle
969 2962 1096 3030 pemmis),

76 3036 153 3088 semel
172 3039 268 3086 anmm
285 3037 420 3085 anmcrem
437 3031 521 3097 refert
538 3050 565 3084 n.
580 3031 605 3084 h.
621 3035 664 3097 37,
685 3035 738 3085 148
754 3032 796 3100 (de
809 3049 913 3102 nemina
927 3031 1094 3100 aepyptrllo).

77 3105 107 3160 dc
127 3105 221 3175 Oppio
242 3104 276 3168 cf.
293 3120 320 3170 p.
342 3106 400 3156 133.

141 3222 196 3279 34.
230 3216 309 3276 san.
336 3217 372 3276 de
396 3236 520 3291 yramm.
547 3219 566 3275 9
598 3216 630 3275 L.
665 3215 827 3275 Orbilius
859 3215 1029 3293 Pupillus
1053 3248 1094 3257 —

77 3309 203 3368 Romam
238 3306 357 3365 consule
387 3305 526 3365 Cicerone
554 3300 596 3385 [a.
618 3299 758 3384 691163]
788 3308 910 3364 transiit
938 3305 1096 3380 docuitque

77 3401 189 3458 maiore
223 3397 306 3454 fama
337 3413 426 3470 quam
456 3396 663 3454 emolumento.
686 3426 730 3435 —
754 3396 814 3454 fuit
841 3398 941 3454 autem
970 3397 1095 3453 naturae

77 3488 199 3548 acerbae
224 3503 285 3544 non
308 3484 450 3543 modain
475 3484 698 3560 antisophistas,
722 3501 796 3559 quos
820 3486 900 3542 omni
924 3477 983 3561 [in]
1012 3500 1094 3540 oeca-

77 3577 156 3638 sione
186 3574 347 3648 laceravit,
375 3574 425 3633 sed
453 3576 544 3633 etiam
572 3575 603 3631 in
633 3573 807 3648 discipulos,
835 3576 870 3629 ut
899 3575 929 3629 et
953 3571 1121 3628 Horatiuse

845 3667 882 3720 b*
