2444 3902
395 161 424 215 O.
443 161 530 215 iulius
550 158 652 214 Caesar

373 374 557 430 INOERTAE
577 374 677 429 SEDIS

435 529 479 586 29
503 520 615 605 [rem]

84 637 209 710 siremps
240 635 360 692 tantum
390 651 444 709 per
476 633 694 691 nominativum
727 635 756 692 ei
789 633 955 692 ablativum
987 633 1036 691 de-

18 723 157 796 clinatur,
182 723 306 799 siremps
324 725 359 781 ui
377 722 460 780 tabes
480 725 510 781 ei
528 723 631 798 pluris,
656 723 692 780 ab
711 722 766 781 hae
786 723 927 798 sirempse
951 723 1036 798 piure

17 812 100 886 tabe3
137 811 246 871 Caesar
278 830 348 888 ergo
381 812 532 887 siremps
565 813 621 868 lex
654 813 730 870 esto
764 812 867 886 quasi
899 829 1036 870 saoram

18 903 217 960 violaverit
245 901 353 960 dixisse
379 900 618 976 pronuntiandus
647 903 699 974 est,
728 902 786 958 nisi
813 902 890 959 forte
915 899 1037 975 qnidam

20 989 230 1049 adverbialiter
253 991 350 1066 legere
372 990 542 1064 maluerint,
565 989 703 1048 similiter
725 991 773 1048 lex
796 992 867 1048 esto.
1065 1007 1077 1048 s

92 1089 172 1144 (fimi.
192 1106 222 1157 1).
244 1093 305 1155 143,
320 1093 356 1143 33
382 1091 426 1156 (=
445 1087 520 1142 Piin.
541 1088 603 1140 dub.
622 1103 700 1142 867771.
715 1105 745 1157 Ρ.
764 1093 810 1154 28,
824 1093 861 1142 20
875 1089 921 1157 B.)
945 1102 1037 1150 siremps

22 1191 44 1200 -
59 1176 97 1214 rex
110 1178 164 1214 esso.
198 1162 232 1227 es.
253 1161 360 1214 Ritseiii
379 1177 419 1228 op.
440 1163 466 1225 4,
481 1164 515 1213 61
522 1175 559 1228 sq.
592 1159 720 1213 Huschke
738 1159 804 1214 ibid.
820 1177 850 1228 p.
865 1164 908 1214 80.
942 1159 1037 1225 Hertz,

22 1231 120 1286 Pidoi.
136 1236 178 1298 11,
190 1235 250 1286 680.
279 1231 312 1285 de
324 1247 386 1286 voce
397 1227 533 1299 ‘siremps’
545 1231 578 1296 cf.
595 1230 676 1296 Stoiz,
696 1231 783 1286 iifien.
799 1231 877 1286 Stud.
889 1235 924 1285 13
943 1233 1037 1300 (1891)

19 1321 47 1370 p.
66 1307 163 1373 293eq.
202 1304 245 1356 ies
265 1303 435 1357 Caesariano
452 1304 567 1369 fortasse
585 1304 737 1370 respicitur.

93 1407 106 1454 1
127 1399 283 1454 ablativum
304 1399 384 1454 Oiiar.
395 1417 425 1469 p.
441 1405 485 1466 93,
494 1404 544 1455 24.-
562 1399 721 1454 vocativum
803 1405 818 1452 3
839 1416 951 1454 onesare
971 1415 1037 1468 ergo

25 1469 328 1597 Ξέξὲωείεῃοοῗὴξῖῗπ
342 1470 377 1524 de
392 1469 523 1541 analogia
538 1470 655 1539 siremps
666 1503 699 1510 —
713 1469 786 1524 dixit
799 1488 850 1540 pro
864 1471 1037 1525 nominativo

431 1677 474 1733 30
499 1669 543 1753 [p.
566 1670 621 1754 19]

90 1783 127 1842 M.
151 1783 268 1841 Tullius
300 1774 513 1860 [17311412
533 1777 780 1861 OFWMrieiier]
813 1786 842 1840 et
876 1781 905 1840 Ο,
931 1781 1039 1841 Caesar

30 1871 141 1930 mordeo
159 1869 306 1930 memordi
323 1891 423 1948 pungo
445 1871 556 1948 pepugi
574 1871 704 1948 spondeo
724 1870 868 1948 spopondi
892 1871 1038 1930 dixerunt.

98 1969 533 2036 eruditissimorum·
549 1985 661 2024 dixemus
693 1971 728 2036 es.
750 1970 835 2025 Gellii
853 1977 938 2025 totum
956 1977 1041 2040 capnt

34 2045 57 2092 er
75 2041 146 2096 mar.
162 2059 192 2111 p.
206 2045 271 2107 245,
282 2046 308 2095 4.
327 2045 393 2106 ers,
406 2046 433 2096 2.
466 2042 559 2096 Dtorn.
575 2058 605 2110 p.
621 2046 683 2108 367,
694 2047 738 2096 30.
770 2043 858 2096 Prisc.
876 2059 904 2110 p.
921 2045 983 2107 526,
997 2046 1038 2096 14.

33 2113 132 2166 iniuria
157 2115 257 2182 opinor
283 2113 349 2166 itaer
374 2113 475 2166 Lerscii
501 2119 526 2166 et
551 2113 672 2167 Knebler
697 2113 767 2168 libro
789 2114 829 2166 Π
850 2114 882 2167 de
908 2113 1040 2183 anaioqio

34 2183 185 2250 tribuerent,
203 2201 264 2238 mern
283 2184 363 2238 insta
380 2183 522 2239 Caesarem
537 2184 629 2238 Cicero
647 2185 690 2238 sit.
726 2184 759 2238 de
777 2186 828 2238 hae
846 2185 1040 2239 consuetudine

32 2255 64 2318 ct.
79 2272 128 2323 pro
145 2255 205 2310 Sex.
225 2255 305 2310 Rosa.
321 2260 363 2310 60.

313 2408 354 2463 31
381 2400 487 2483 [rra
504 2424 537 2478 p.
557 2408 668 2475 aiei
691 2401 744 2485 a]

35 2517 70 2568 tu
96 2532 230 2589 quoque
258 2515 298 2570 iu
325 2513 361 2569 in
389 2515 546 2586 summis,
576 2533 593 2572 o
621 2513 812 2571 dimidiate
839 2513 1041 2587 Menander,

35 2602 169 2674 poneris
192 2605 228 2660 et
250 2603 391 2674 merito,
415 2604 496 2677 puri
519 2602 695 2661 sermonis
719 2604 864 2661 amator.

36 2688 167 2750 lenibus
191 2695 298 2766 atque
322 2691 461 2749 utinam
484 2691 633 2767 seriptis
658 2691 831 2750 adiuncta
853 2693 949 2750 foret
972 2692 1040 2765 vis,

36 2779 158 2838 comica
180 2783 220 2838 ut
243 2782 397 2854 aequato
419 2780 539 2838 virtus
563 2781 720 2856 polleret
741 2780 873 2839 honore
961 2777 965 2784 ’

37 2885 103 2926 eum
121 2868 280 2943 Graecis,
304 2888 391 2927 neve
414 2869 478 2928 hae
501 2869 690 2946 despeotus
713 2872 816 2945 parte
839 2870 995 2928 iaceres!
1070 2891 1081 2930 s

37 2975 130 3016 unum
156 2959 221 3017 hoo
248 2976 407 3016 maceror
435 2976 473 3016 ao
496 2959 599 3017 doleo
626 2958 697 3016 tibi
724 2958 859 3033 deesse,
890 2959 1040 3018 Terenti.

98 3056 168 3112 seer.
192 3059 238 3112 vit.
262 3057 320 3110 Ter.
342 3073 373 3125 p.
392 3059 428 3110 34
442 3057 477 3110 R.
522 3055 618 3111 Cicero
641 3057 671 3110 in
694 3056 810 3110 Limone
836 3058 883 3128 [fr.
899 3059 935 3128 4].
973 3057 1042 3112 item

37 3125 61 3180 C.
74 3125 183 3182 Caesar:
202 3148 228 3182 tu
242 3153 330 3190 quoque
344 3159 371 3166 -
383 3141 479 3182 Terenti.

99 3229 114 3278 5
131 3241 201 3280 neve
220 3226 306 3280 Roth:
328 3241 419 3294 neque

98 3367 184 3404 wnurn
196 3357 282 3405 restet
293 3350 393 3421 freyn.
405 3351 493 3420 Capri
505 3352 572 3406 ortt.
583 3369 613 3421 p.
625 3355 740 3418 101,17,
759 3353 830 3420 quod
844 3370 863 3406 a
876 3353 933 3406 eolo
943 3352 1044 3406 Lersoi

37 3423 203 3488 qrammatioo
230 3423 357 3478 Gesseris
384 3422 454 3477 libro
479 3427 573 3477 terrim
601 3423 771 3491 adscriptam
797 3430 835 3478 est
862 3424 907 3491 (ef.
934 3422 1044 3477 Scitote

35 3505 59 3557 p.
72 3495 123 3560 20).
161 3510 250 3564 nuper
268 3493 324 3548 duo
341 3494 377 3560 fr.
402 3494 467 3562 (Cic.
488 3494 570 3548 Brut.
585 3498 646 3549 258.
680 3495 755 3548 Piin.
775 3495 842 3548 nd.
863 3496 967 3562 7,117)
994 3494 1044 3547 ad-

39 3562 102 3618 didit
117 3564 309 3620 Hendrieitson
323 3582 353 3634 p.
369 3569 475 3634 fldeq„
494 3583 533 3618 an
550 3573 618 3620 reete
637 3565 739 3620 dubito.
