2442 3902
134 193 200 258 422
283 192 489 248 Grammaticae
508 194 610 254 aetatis
629 193 820 249 Varronianus
838 193 998 264 fragmenta

133 353 189 408 fuit
208 369 294 408 causa
313 356 341 408 et
360 353 463 422 Servio,
483 357 515 407 ut
534 353 601 422 dixi,
620 353 829 408 subtrahendae
849 372 861 408 s
880 354 1001 418 litterae.
1019 355 1135 423 quotiens

133 423 234 478 ultima
253 429 327 480 esset
349 426 462 493 aliaque
485 428 655 481 consonante
678 425 874 493 susciperetur.
912 426 1021 481 &wios
1041 427 1136 480 videm
1202 431 1203 474 l

133 495 275 634 {bolma
300 514 369 564 ὤεα,
394 499 428 564 cf.
453 498 545 568 Quint.
566 502 591 564 9,
610 502 636 563 3,
649 501 699 583 221.
740 499 874 566 ceteroqui
900 498 936 563 of.
964 500 1042 553 Mese.
1069 499 1135 553 Gora

453 713 490 778 Β.
514 713 574 778 ux
591 669 829 779 RESPONSIS

502 867 519 922 1
547 857 628 942 [116
645 857 783 941 Bremer]

142 947 144 956 ‚
201 971 269 1042 Dap.
291 970 342 1039 50,
358 972 468 1039 16,·30
477 989 526 1044 pr.
560 962 651 1028 Gaius
683 969 761 1028 libro
794 963 921 1046 septimo
952 969 991 1028 ad
1020 969 1135 1028 edictum

133 1059 329 1134 provinciale:
357 1059 434 1118 silva
457 1059 568 1118 caedua
592 1062 645 1133 est,
668 1063 703 1116 ut
727 1058 847 1134 quidam
871 1061 991 1134 putant,
1019 1059 1134 1134 quaein

133 1148 188 1206 hoc
211 1147 340 1206 babetur
362 1152 396 1206 ut
420 1149 599 1207 caederetur.
646 1147 768 1207 Servius
795 1166 957 1223 comesse,
987 1167 1059 1223 quae
1081 1165 1135 1205 suc-

134 1238 195 1295 cisa
217 1257 318 1297 rursus
343 1257 377 1295 ex
401 1237 543 1314 stirpibus
568 1240 621 1296 aut
642 1237 792 1296 radicibus
815 1239 989 1296 renascitur.

442 1479 453 1484 ,.
478 1443 510 1510 o.
534 1444 812 1536 senoniensi

307 1601 356 1656 nx
375 1601 492 1656 aneis
511 1567 559 1657 ou
579 1602 703 1658 sionis
723 1601 976 1656 DETESTANDIS

545 1739 568 1796 2
591 1730 639 1815 [p.
654 1731 734 1815 225]

141 1893 143 1899 .
200 1843 249 1901 lib.
268 1843 315 1902 ΙΙ.
364 1843 484 1922 Servius
517 1843 668 1920 Sulpicius
704 1844 922 1904 iureconsultus
958 1843 1006 1902 vir
1041 1841 1138 1901 aetatis

31 1946 33 1951 ·
133 1948 204 1990 suae
223 1930 411 1992 doctissimus
431 1933 462 1990 in
480 1933 557 1993 libro
577 1933 613 1991 de
632 1935 723 1992 sacris
742 1932 924 2012 detestandis
943 1931 1138 2006 secundoque

133 2020 249 2080 ratione
277 2021 435 2080 adductus
454 2026 668 2082 testamentum
698 2021 822 2102 verbum
850 2041 912 2082 esse
941 2021 1049 2098 duplex
1077 2021 1138 2080 scri-

132 2099 235 2184 pserit,
262 2129 323 2168 non
345 2113 475 2186 reperi03
502 2130 573 2170 nam
596 2112 794 2187 compositum
817 2130 879 2171 esse
903 2112 980 2169 dixit
1004 2131 1021 2170 a
1042 2108 1137 2168 mentis

133 2199 358 2262 contestatione.

207 2297 274 2352 Geli.
291 2303 397 2365 7‚12‚1
412 2312 712 2354 aerum—concessamus.
741 2299 811 2367 quid
824 2297 912 2369 igitur
926 2297 1137 2358 calciamentum,

134 2367 202 2437 quid
234 2368 481 2439 paludamentum,
509 2370 578 2438 quid
610 2370 816 2439 pavimentum,
849 2369 917 2438 quid
945 2371 1137 2430 vestimentum,

133 2439 203 2508 quid
227 2441 284 2494 alia
305 2441 385 2497 mille
407 2458 458 2511 per
476 2442 593 2496 huiusce
612 2440 688 2496 modi
711 2441 831 2495 formam
853 2439 1005 2510 producta,
1028 2440 1137 2495 etiamne

133 2510 190 2565 ista
207 2511 302 2565 omnia
320 2512 477 2582 composita
491 2513 633 2568 dicemus?
663 2514 697 2579 cf.
717 2514 833 2582 Ulpica.
852 2514 949 2580 ΜΟ,
964 2517 988 2565 1.
1018 2511 1137 2574 Instit2,

134 2586 170 2636 10
183 2599 230 2652 pr.
249 2585 326 2654 (Dio.
345 2588 390 2651 28,
412 2590 435 2651 1,
448 2588 486 2652 2).
514 2587 583 2640 leid.
602 2603 641 2640 or.
656 2589 682 2652 5,
696 2589 781 2651 24‚2.
812 2582 888 2640 OGL
908 2585 1009 2650 Vm,
1023 2587 1066 2638 1⁷.

429 2744 478 2798 EX
496 2743 604 2799 LIBRO
623 2744 671 2798 DE
696 2743 851 2798 DOTIBUS

594 2881 616 2938 3
639 2873 688 2957 [1]

201 2986 262 3061 qui
285 3005 431 3046 uxorem
450 2985 623 3046 ducturus
647 2989 738 3059 erat,
758 2985 799 3043 ab
819 3003 857 3044 eo
881 2985 972 3043 unde
991 2980 1136 3043 ducenda

135 3078 213 3134 erat
240 3075 492 3151 stipulabatur
515 3094 588 3134 eam
612 3077 647 3132 in
667 3073 936 3132 matrimonium
956 3073 1075 3132 datum
1091 3069 1137 3129 iri.

135 3165 195 3240 qui
212 3164 388 3224 ducturus
404 3168 495 3238 erat,
509 3164 635 3223 itidem
649 3163 856 3239 spondebat.
890 3165 920 3221 is
939 3163 1137 3221 contractus

134 3253 417 3329 stipulationum
431 3253 735 3329 sponsionumque
749 3251 940 3312 dicebatur
954 3249 1137 3327 sponsalia

109 3344 218 3422 stunc
238 3362 327 3416 quae
346 3345 522 3416 promissa
541 3344 631 3416 crat,
651 3361 782 3418 sponsa
800 3340 1070 3417 appellabatur,
1088 3337 1139 3414 qui

135 3429 379 3501 spoponderat
402 3430 605 3503 ducturum,
628 3450 790 3506 sponsus.

142 3549 145 3554 ·
209 3524 276 3577 Gell.
292 3529 387 3590 4,4,1
408 3527 551 3594 sponsalia
572 3529 602 3582 in
630 3545 664 3583 ea
690 3531 771 3598 parte
798 3528 909 3592 Italiae.
938 3543 1011 3596 quae
1039 3527 1140 3582 Latium

146 3589 303 3659 ¹*apellatun
330 3595 384 3648 hoe
411 3613 487 3650 more
515 3600 601 3666 atque
629 3599 688 3654 iure
712 3599 797 3655 solita
819 3599 884 3655 fieri
907 3599 1021 3668 scripsit
1043 3598 1142 3654 Servius
