2442 3902
414 191 451 249 M.
465 189 617 247 Terentius
631 189 724 244 'Varro
795 216 803 244 .·
876 229 909 242 π
1011 189 1074 254 291

487 361 553 418 269
578 353 648 438 [43]

127 454 277 526 lacrumae
306 485 344 524 an
372 468 530 541 lacrimam·
555 483 711 524 maxumus
739 484 777 523 an
805 467 964 548 maximus,
995 469 1025 524 et
1052 466 1102 524 si

65 575 121 630 qua
140 555 251 614 similia
274 559 352 630 sunt,
365 575 434 630 ,quo
453 555 540 614 modo
564 554 653 622 scribi
672 554 807 630 debeant,
831 556 1000 630 quaesitum
1024 558 1076 613 est.

66 645 219 704 Terentius
240 645 337 704 Varro
360 643 665 704 tradidithesarem
688 663 742 718 per
764 645 775 702 i
799 643 861 702 eius
883 643 965 702 modi
987 643 1077 703 verba

66 733 186 792 solitum
214 752 277 793 esse
304 734 460 798 enuntiare
484 732 679 807 ettscribere3
708 733 777 792 inde
800 735 923 810 propter
950 734 1076 792 auctori-

64 825 155 881 tatem
178 823 257 882 tanti
280 824 339 881 viri
357 823 604 902 cousuetudinem
627 822 746 880 factam.
900 861 902 866 -
1091 843 1103 884 ι

134 923 209 976 Ami.
231 921 342 976 Cornid-
362 939 406 990 ap.
427 917 548 976 Cassiod.
564 921 635 990 orldt.
647 938 676 988 p.
692 925 755 988 150,
771 925 805 974 10
822 936 935 974 lacrumae
948 953 975 960 -
988 935 1077 975 tactam.

65 991 110 1044 sed
126 1009 178 1062 ego
191 994 222 1047 in
237 993 429 1060 antiquiorum
442 991 531 1046 multo
546 990 625 1045 libris
643 991 718 1062 [libr.
729 1009 765 1045 m.
776 994 868 1046 Paris.
881 992 973 1063 7495]‚
993 1009 1078 1060 quam

66 1061 148 1117 Gaius
168 1062 270 1118 Caesar
288 1066 343 1130 est,
362 1081 412 1133 per
429 1081 449 1116 u
465 1063 601 1132 pleraque
619 1064 725 1132 scripta
742 1063 866 1131 invenio,
886 1065 1017 1132 optumus
1035 1063 1078 1116 in-

65 1137 156 1188 tumus
174 1135 386 1204 pulcherrumus
405 1135 504 1188 lubido
521 1134 674 1188 dicundum
692 1134 855 1188 faciundum
873 1151 1002 1188 maxume
1020 1152 1078 1188 mo-

66 1209 228 1260 numentum
247 1205 418 1260 contumelia
435 1206 567 1267 minume.
596 1205 696 1260 melius
715 1209 809 1259 tamen
828 1208 871 1259 cst
890 1208 918 1258 et
937 1206 973 1258 ad
991 1223 1078 1259 enun·
1116 1235 1121 1244 ·

67 1277 190 1330 tiendum
214 1281 243 1332 et
266 1279 302 1331 ad
325 1277 504 1332 scribendum
522 1276 533 1329 i
550 1276 676 1330 litteram
699 1294 749 1346 pro
772 1295 791 1330 u
814 1293 930 1345 ponere,
954 1276 984 1329 in
1002 1278 1078 1346 quod

66 1347 118 1400 iani
147 1350 320 1404 consuetudo
347 1348 502 1403 inclinavit.
539 1349 618 1402 Ista.
633 1365 671 1403 or.
697 1354 721 1414 1,
740 1353 786 1414 27,
805 1354 840 1402 15
868 1366 1014 1401 maxumus
1042 1365 1078 1402 an
1187 1357 1192 1375 ³

67 1421 199 1474 maximus
219 1423 248 1474 et
267 1421 366 1488 siqua
389 1419 493 1473 similia
516 1421 582 1473 sunt
600 1419 722 1486 qualiter
745 1420 830 1473 scribi
853 1420 975 1473 debeant
993 1437 1077 1488 quae·

68 1489 148 1544 situm
172 1494 221 1546 cst.
256 1491 343 1546 Varro
367 1491 488 1545 tradidit
510 1490 657 1545 Caesarem
680 1509 730 1560 per
753 1491 763 1544 i
786 1491 870 1544 huius
893 1491 971 1544 modi
995 1491 1079 1545 verba

68 1563 210 1617 enuntiare
229 1566 258 1616 et
277 1563 398 1617 scribere
417 1562 531 1616 solitum
550 1579 618 1616 esse.
656 1563 722 1616 inde
747 1565 862 1632 propter
881 1563 1078 1617 auctoritatem

68 1633 137 1686 tanti
150 1633 205 1688 viri
220 1633 451 1698 consuetudinem
465 1633 579 1700 factam,
598 1635 630 1686 ut
648 1633 786 1688 maximus
801 1635 924 1702 optimus
941 1634 1078 1703 pessimus
1098 1699 1102 1704 ι

69 1704 210 1759 scribatur.
245 1706 281 1772 cf.
303 1705 404 1760 ansar
422 1713 478 1760 test.
494 1711 537 1759 10.
569 1707 618 1760 hoe
636 1713 661 1759 et
679 1723 748 1774 quae
766 1713 894 1760 secuntur·
911 1707 967 1772 fere
986 1708 1078 1760 omniu

68 1776 218 1846 fracmenta
232 1793 317 1845 usque
332 1777 369 1831 ad
382 1777 417 1842 fr.
428 1781 484 1831 294
503 1777 627 1831 inlibris
641 1778 685 1830 De
698 1793 775 1832 serua
791 1777 825 1831 L.
840 1777 930 1843 ,fuisse
944 1778 1077 1832 uideatur.

70 1849 101 1912 ef.
116 1848 274 1902 Wilmaaus
287 1867 317 1918 p.
333 1853 411 1916 47sq.
427 1853 506 1917 &ileu
526 1854 550 1902 el
567 1865 655 1917 supra
670 1849 760 1916 praef.
779 1849 817 1902 ad
835 1849 883 1903 hoc
901 1865 977 1915 opus.

135 1943 249 2008 ldebda
274 1954 389 2024 (debent
411 1958 464 2026 cy.)
488 1956 572 2009 Bere.
597 1971 638 2025 vy.
663 1954 779 2020 debent,
810 1957 907 2010 omisso
931 1956 1078 2024 quomodo,

71 2023 183 2081 Brucet·v
195 2026 300 2081 Colum:
320 2044 367 2080 ern.
385 2027 482 2082 Carrio
568 2032 583 2078 3
602 2026 690 2079 tradit
705 2027 790 2080 Bere.
872 2032 888 2078 4
908 2027 1079 2080 adnunciare

70 2096 139 2162 (tia-
161 2097 264 2166 Oolcn.)
284 2099 397 2152 Bruser.
419 2099 510 2174 Colca.
531 2100 560 2150 ct
579 2099 673 2150 enunt.
692 2099 761 2152 coni.
782 2097 848 2151 Keil

131 2358 176 2428 est
191 2355 337 2430 quaedam
355 2357 457 2414 littera
474 2356 507 2412 in
522 2357 545 2414 t
564 2356 682 2427 litterae
701 2357 829 2430 speciem
846 2354 984 2432 figurata,
1004 2373 1078 2430 quae

71 2439 215 2519 digamma
242 2445 421 2518 nominatur,
452 2446 523 2518 quia
547 2435 619 2503 duos
648 2441 746 2519 apices
770 2463 804 2502 ex
828 2463 947 2522 gamma
976 2444 1079 2502 littera

71 2529 172 2592 habere
195 2533 340 2602 rideatur.
386 2532 423 2591 ad
445 2534 533 2592 huius
557 2533 780 2592 similitudinem
806 2535 871 2592 soni
894 2534 989 2592 nostri
1012 2551 1078 2592 con·

72 2619 182 2682 iunctas
215 2623 332 2682 vocales
364 2623 535 2700 digammon
572 2623 723 2698 appellare
761 2622 932 2697 voluerunt,
969 2625 1003 2680 ut
1035 2623 1079 2680 est

72 2715 169 2770 votum
182 2712 277 2790 virgo.
314 2712 417 2787 itaque
436 2713 468 2769 in
486 2713 584 2786 prima
602 2711 718 2786 syllaba
732 2711 883 2788 digamma
897 2714 927 2770 et
945 2711 1104 2770 vocalemc

73 2803 199 2874 oportuit
225 2803 310 2877 poni,
338 2802 447 2860 fotum
473 2803 580 2878 firgo,
611 2800 690 2876 quod
715 2803 745 2858 et
766 2799 866 2858 Aeolii
892 2801 1026 2860 fecerunt
1050 2803 1079 2858 et

72 2891 182 2966 antiqui
196 2892 299 2964 nostri,
319 2892 395 2949 sicut
409 2891 556 2964 scriptura
569 2892 600 2946 in
616 2889 794 2965 quibusdam
811 2889 921 2948 libellis
939 2890 1078 2948 declarat.

71 2975 140 3038 hanc
163 2980 297 3038 litteram
321 2979 476 3037 Terentius
500 2978 595 3037 Varro
619 2979 690 3037 dum
713 2980 779 3038 vult
801 2979 1012 3053 demonstrare,
1035 2981 1080 3036 ita

70 3067 229 3142 perscribit,
251 3087 317 3126 vau.

135 3169 212 3221 Anu.
234 3166 345 3220 Cernat.
365 3184 410 3235 ap.
432 3166 552 3221 Cussr'od.
569 3184 599 3235 p.
620 3169 713 3234 148,5
741 3181 902 3228 ecquaenam
915 3198 942 3205 —
957 3180 1080 3231 personuit,

72 3259 115 3290 vau
146 3239 235 3292 Prisc
248 3255 276 3305 p.
293 3238 363 3304 15,1
383 3255 402 3290 u
416 3253 480 3291 vero
494 3237 555 3292 loco
570 3237 749 3292 consonantis
762 3237 856 3307 posita
870 3238 988 3292 eandem
1002 3253 1080 3306 pror-

72 3322 112 3359 sus
134 3309 164 3362 in
188 3307 318 3362 omnibus
341 3308 398 3362 vim
421 3309 523 3362 habuit
546 3310 623 3379 apud
645 3309 760 3362 Latinos
783 3325 867 3376 quam
890 3309 965 3377 apud
984 3307 1080 3362 Aeolis

72 3377 222 3448 digamma
246 3380 320 3434 unde
344 3397 361 3434 a
385 3379 526 3449 plerisque
549 3382 576 3435 ei
599 3397 699 3435 nomen
723 3381 776 3434 hoc
795 3380 886 3447 datur¹
909 3379 986 3447 quod
1004 3380 1079 3448 apud

72 3449 159 3504 Aeolia
184 3451 286 3504 habuit
311 3451 379 3506 olim
402 3453 426 3506 J:
451 3452 594 3522 digamma
619 3453 649 3505 id
676 3453 719 3506 est
740 3469 806 3516 vau,
838 3451 873 3504 ab
898 3451 988 3521 ipsius
1012 3467 1079 3504 voce

71 3522 222 3586 profectum
247 3523 320 3577 teste
345 3523 470 3578 Varrone
496 3526 524 3577 et
549 3523 683 3592 Didymo¹
712 3523 761 3591 qui
786 3523 815 3574 id
842 3523 868 3576 ei
893 3539 994 3576 nomen
1019 3538 1079 3575 erse

73 3594 225 3648 ostendunt.
245 3596 280 3661 cf.
294 3595 386 3665 Quint.
402 3601 428 3662 1,
442 3599 467 3661 4,
483 3600 507 3649 7.
523 3589 567 3661 12',
583 3600 625 3660 10,
639 3599 684 3648 29.
705 3595 778 3648 Dera.
798 3595 855 3649 Ter.
871 3595 952 3648 andr.
962 3599 988 3659 1,
997 3592 1077 3658 2,2⁴.

814 3696 865 3745 19·
