<?xml version="1.0" encoding="UTF-8"?>
<!DOCTYPE html PUBLIC "-//W3C//DTD XHTML 1.0 Transitional//EN"
    "http://www.w3.org/TR/xhtml1/DTD/xhtml1-transitional.dtd">
<html xmlns="http://www.w3.org/1999/xhtml" xml:lang="en" lang="en">
 <head>
  <title>
</title>
<meta http-equiv="Content-Type" content="text/html;charset=utf-8" />
  <meta name='ocr-system' content='tesseract 3.04.00' />
  <meta name='ocr-capabilities' content='ocr_page ocr_carea ocr_par ocr_line ocrx_word'/>
</head>
<body>
  <div class='ocr_page' id='page_1' title='image "./grammaticaeroma00funagoog_0026.png"; bbox 0 0 2534 3908; ppageno 0'>
   <div class='ocr_carea' id='block_1_1' title="bbox 143 169 752 270">
    <p class='ocr_par' dir='ltr' id='par_1_1' title="bbox 143 169 752 270">
     <span class='ocr_line' id='line_1_1' title="bbox 143 169 752 270; baseline 0.003 -16"><span class='ocrx_word' id='word_1_1' title='bbox 143 201 232 256; x_wconf 82' lang='lat' dir='ltr'>xvur</span> <span class='ocrx_word' id='word_1_2' title='bbox 551 169 752 270; x_wconf 60' lang='lat' dir='ltr'>rmagomet</span> 
     </span>
    </p>
   </div>
   <div class='ocr_carea' id='block_1_2' title="bbox 103 370 1198 1960">
    <p class='ocr_par' dir='ltr' id='par_1_2' title="bbox 103 370 1198 1960">
     <span class='ocr_line' id='line_1_2' title="bbox 144 370 1159 447; baseline -0.001 -18"><span class='ocrx_word' id='word_1_3' title='bbox 144 371 361 430; x_wconf 79' lang='lat' dir='ltr'>communicavi</span> <span class='ocrx_word' id='word_1_4' title='bbox 384 390 451 429; x_wconf 91' lang='lat' dir='ltr'>cum</span> <span class='ocrx_word' id='word_1_5' title='bbox 474 370 659 447; x_wconf 73' lang='lat' dir='ltr'>Dionysio·</span> <span class='ocrx_word' id='word_1_6' title='bbox 697 374 786 446; x_wconf 90' lang='lat' dir='ltr'>atque</span> <span class='ocrx_word' id='word_1_7' title='bbox 806 372 830 429; x_wconf 88' lang='lat' dir='ltr'>is</span> <span class='ocrx_word' id='word_1_8' title='bbox 849 371 945 447; x_wconf 92' lang='lat' dir='ltr'>primo</span> <span class='ocrx_word' id='word_1_9' title='bbox 965 375 1010 429; x_wconf 86' lang='lat' dir='ltr'>est</span> <span class='ocrx_word' id='word_1_10' title='bbox 1029 388 1159 430; x_wconf 90' lang='lat' dir='ltr'>commo-</span> 
     </span>
     <span class='ocr_line' id='line_1_3' title="bbox 142 457 1158 538; baseline 0 -20"><span class='ocrx_word' id='word_1_11' title='bbox 142 463 201 534; x_wconf 80' lang='lat' dir='ltr'>tae,</span> <span class='ocrx_word' id='word_1_12' title='bbox 225 459 339 536; x_wconf 81' lang='lat' dir='ltr'>deinde,</span> <span class='ocrx_word' id='word_1_13' title='bbox 364 459 443 536; x_wconf 91' lang='lat' dir='ltr'>quod</span> <span class='ocrx_word' id='word_1_14' title='bbox 468 457 591 538; x_wconf 85' lang='lat' dir='ltr'>de†de0</span> <span class='ocrx_word' id='word_1_15' title='bbox 615 477 681 518; x_wconf 92' lang='lat' dir='ltr'>cum</span> <span class='ocrx_word' id='word_1_16' title='bbox 702 460 760 519; x_wconf 90' lang='lat' dir='ltr'>isto</span> <span class='ocrx_word' id='word_1_17' title='bbox 780 459 961 519; x_wconf 76' lang='lat' dir='ltr'>Dicaearcho</span> <span class='ocrx_word' id='word_1_18' title='bbox 980 479 1040 519; x_wconf 92' lang='lat' dir='ltr'>non</span> <span class='ocrx_word' id='word_1_19' title='bbox 1059 459 1158 518; x_wconf 89' lang='lat' dir='ltr'>minus</span> 
     </span>
     <span class='ocr_line' id='line_1_4' title="bbox 143 547 1158 626; baseline 0 -19"><span class='ocrx_word' id='word_1_20' title='bbox 143 549 216 608; x_wconf 91' lang='lat' dir='ltr'>bene</span> <span class='ocrx_word' id='word_1_21' title='bbox 240 549 439 608; x_wconf 73' lang='lat' dir='ltr'>existumabat</span> <span class='ocrx_word' id='word_1_22' title='bbox 463 567 552 623; x_wconf 92' lang='lat' dir='ltr'>quam</span> <span class='ocrx_word' id='word_1_23' title='bbox 575 550 609 606; x_wconf 92' lang='lat' dir='ltr'>tu</span> <span class='ocrx_word' id='word_1_24' title='bbox 632 549 668 606; x_wconf 87' lang='lat' dir='ltr'>de</span> <span class='ocrx_word' id='word_1_25' title='bbox 689 547 718 607; x_wconf 86' lang='lat' dir='ltr'>C.</span> <span class='ocrx_word' id='word_1_26' title='bbox 734 548 881 624; x_wconf 77' lang='lat' dir='ltr'>Vestorio,</span> <span class='ocrx_word' id='word_1_27' title='bbox 900 567 955 626; x_wconf 84' lang='lat' dir='ltr'>ego</span> <span class='ocrx_word' id='word_1_28' title='bbox 974 549 1010 607; x_wconf 91' lang='lat' dir='ltr'>de</span> <span class='ocrx_word' id='word_1_29' title='bbox 1029 549 1068 606; x_wconf 88' lang='grc' dir='ltr'>Μ.</span> <span class='ocrx_word' id='word_1_30' title='bbox 1088 547 1158 607; x_wconf 86' lang='lat' dir='ltr'>Clu-</span> 
     </span>
     <span class='ocr_line' id='line_1_5' title="bbox 143 636 1158 712; baseline -0.002 -16"><span class='ocrx_word' id='word_1_31' title='bbox 143 640 201 712; x_wconf 84' lang='lat' dir='ltr'>vio,</span> <span class='ocrx_word' id='word_1_32' title='bbox 224 657 283 696; x_wconf 92' lang='lat' dir='ltr'>non</span> <span class='ocrx_word' id='word_1_33' title='bbox 307 636 466 697; x_wconf 80' lang='lat' dir='ltr'>dubitabat</span> <span class='ocrx_word' id='word_1_34' title='bbox 489 640 560 712; x_wconf 89' lang='lat' dir='ltr'>quin</span> <span class='ocrx_word' id='word_1_35' title='bbox 590 639 615 695; x_wconf 90' lang='lat' dir='ltr'>ei</span> <span class='ocrx_word' id='word_1_36' title='bbox 644 639 838 696; x_wconf 88' lang='lat' dir='ltr'>crederemus.</span> <span class='ocrx_word' id='word_1_37' title='bbox 884 637 1030 696; x_wconf 84' lang='lat' dir='ltr'>Arcadiae</span> <span class='ocrx_word' id='word_1_38' title='bbox 1059 655 1158 696; x_wconf 86' lang='lat' dir='ltr'>cense-</span> 
     </span>
     <span class='ocr_line' id='line_1_6' title="bbox 104 726 1160 802; baseline 0.001 -18"><span class='ocrx_word' id='word_1_39' title='bbox 104 735 128 775; x_wconf 78' lang='lat'>15</span> <span class='ocrx_word' id='word_1_40' title='bbox 142 727 196 786; x_wconf 88' lang='lat' dir='ltr'>bat</span> <span class='ocrx_word' id='word_1_41' title='bbox 218 745 280 786; x_wconf 88' lang='lat' dir='ltr'>esse</span> <span class='ocrx_word' id='word_1_42' title='bbox 303 727 438 802; x_wconf 85' lang='lat' dir='ltr'>Lepreon</span> <span class='ocrx_word' id='word_1_43' title='bbox 466 726 614 801; x_wconf 87' lang='lat' dir='ltr'>quoddam</span> <span class='ocrx_word' id='word_1_44' title='bbox 642 727 848 799; x_wconf 81' lang='lat' dir='ltr'>maritumum3</span> <span class='ocrx_word' id='word_1_45' title='bbox 877 727 976 785; x_wconf 88' lang='lat' dir='ltr'>Tenea</span> <span class='ocrx_word' id='word_1_46' title='bbox 1002 729 1102 785; x_wconf 90' lang='lat' dir='ltr'>autem</span> <span class='ocrx_word' id='word_1_47' title='bbox 1129 730 1160 785; x_wconf 90' lang='lat' dir='ltr'>et</span> 
     </span>
     <span class='ocr_line' id='line_1_7' title="bbox 142 814 1158 898; baseline -0.001 -24"><span class='ocrx_word' id='word_1_48' title='bbox 142 816 287 892; x_wconf 88' lang='lat' dir='ltr'>Aliphera</span> <span class='ocrx_word' id='word_1_49' title='bbox 310 818 340 875; x_wconf 91' lang='lat' dir='ltr'>et</span> <span class='ocrx_word' id='word_1_50' title='bbox 363 817 460 874; x_wconf 86' lang='lat' dir='ltr'>Tritia</span> <span class='ocrx_word' id='word_1_51' title='bbox 485 814 633 875; x_wconf 81' lang='grc' dir='ltr'><strong><em>νεόκτιστα</em></strong></span> <span class='ocrx_word' id='word_1_52' title='bbox 656 817 683 874; x_wconf 90' lang='lat' dir='ltr'>ei</span> <span class='ocrx_word' id='word_1_53' title='bbox 706 815 892 890; x_wconf 88' lang='lat' dir='ltr'>videbantur,</span> <span class='ocrx_word' id='word_1_54' title='bbox 914 814 1004 890; x_wconf 91' lang='lat' dir='ltr'>idque</span> <span class='ocrx_word' id='word_1_55' title='bbox 1031 819 1070 898; x_wconf 78' lang='grc' dir='ltr'>τῷ</span> <span class='ocrx_word' id='word_1_56' title='bbox 1099 823 1158 874; x_wconf 77' lang='grc' dir='ltr'>τῶν</span> 
     </span>
     <span class='ocr_line' id='line_1_8' title="bbox 143 903 1156 986; baseline -0.002 -23"><span class='ocrx_word' id='word_1_57' title='bbox 143 913 218 964; x_wconf 82' lang='grc' dir='ltr'><strong><em>νεῶν</em></strong></span> <span class='ocrx_word' id='word_1_58' title='bbox 245 903 395 986; x_wconf 77' lang='grc' dir='ltr'><strong><em>καταλόγῳ</em></strong></span> <span class='ocrx_word' id='word_1_59' title='bbox 424 903 630 978; x_wconf 85' lang='lat' dir='ltr'>confirmabat,</span> <span class='ocrx_word' id='word_1_60' title='bbox 658 903 710 962; x_wconf 91' lang='lat' dir='ltr'>ubi</span> <span class='ocrx_word' id='word_1_61' title='bbox 737 904 849 964; x_wconf 88' lang='lat' dir='ltr'>mentio</span> <span class='ocrx_word' id='word_1_62' title='bbox 877 923 937 963; x_wconf 89' lang='lat' dir='ltr'>non</span> <span class='ocrx_word' id='word_1_63' title='bbox 964 903 1000 962; x_wconf 91' lang='lat' dir='ltr'>fit</span> <span class='ocrx_word' id='word_1_64' title='bbox 1021 905 1156 962; x_wconf 87' lang='lat' dir='ltr'>istorum.</span> 
     </span>
     <span class='ocr_line' id='line_1_9' title="bbox 142 993 1198 1071; baseline 0.001 -21"><span class='ocrx_word' id='word_1_65' title='bbox 142 995 245 1069; x_wconf 87' lang='lat' dir='ltr'>itaque</span> <span class='ocrx_word' id='word_1_66' title='bbox 277 995 368 1052; x_wconf 88' lang='lat' dir='ltr'>istum</span> <span class='ocrx_word' id='word_1_67' title='bbox 401 1012 455 1071; x_wconf 84' lang='lat' dir='ltr'>ego</span> <span class='ocrx_word' id='word_1_68' title='bbox 492 994 589 1052; x_wconf 91' lang='lat' dir='ltr'>locum</span> <span class='ocrx_word' id='word_1_69' title='bbox 626 993 752 1052; x_wconf 90' lang='lat' dir='ltr'>totidem</span> <span class='ocrx_word' id='word_1_70' title='bbox 789 993 886 1052; x_wconf 88' lang='lat' dir='ltr'>vorbis</span> <span class='ocrx_word' id='word_1_71' title='bbox 923 1011 941 1051; x_wconf 87' lang='lat' dir='ltr'>a</span> <span class='ocrx_word' id='word_1_72' title='bbox 973 993 1156 1051; x_wconf 86' lang='lat' dir='ltr'>Dicaearcho</span> <span class='ocrx_word' id='word_1_73' title='bbox 1195 1031 1198 1034; x_wconf 95' lang='lat'>-</span> 
     </span>
     <span class='ocr_line' id='line_1_10' title="bbox 143 1075 1157 1161; baseline -0.002 -19"><span class='ocrx_word' id='word_1_74' title='bbox 143 1083 293 1142; x_wconf 86' lang='lat' dir='ltr'>transtuli.</span> <span class='ocrx_word' id='word_1_75' title='bbox 338 1083 378 1141; x_wconf 85' lang='lat' dir='ltr'>id.</span> <span class='ocrx_word' id='word_1_76' title='bbox 411 1084 479 1142; x_wconf 83' lang='lat' dir='ltr'>ibid.</span> <span class='ocrx_word' id='word_1_77' title='bbox 505 1085 534 1149; x_wconf 90' lang='grc'>7,</span> <span class='ocrx_word' id='word_1_78' title='bbox 559 1085 587 1150; x_wconf 83' lang='grc'>3,</span> <span class='ocrx_word' id='word_1_79' title='bbox 614 1085 656 1140; x_wconf 98' lang='grc'>10</span> <span class='ocrx_word' id='word_1_80' title='bbox 689 1076 735 1161; x_wconf 88' lang='lat' dir='ltr'>[in</span> <span class='ocrx_word' id='word_1_81' title='bbox 763 1083 929 1142; x_wconf 78' lang='lat' dir='ltr'>Trebulano</span> <span class='ocrx_word' id='word_1_82' title='bbox 962 1100 988 1140; x_wconf 84' lang='lat' dir='ltr'>a.</span> <span class='ocrx_word' id='word_1_83' title='bbox 1015 1075 1157 1161; x_wconf 85' lang='grc'><em>704150]</em></span> 
     </span>
     <span class='ocr_line' id='line_1_11' title="bbox 104 1166 1191 1248; baseline -0.003 -17"><span class='ocrx_word' id='word_1_84' title='bbox 104 1181 129 1220; x_wconf 79' lang='lat'>2⁰</span> <span class='ocrx_word' id='word_1_85' title='bbox 143 1175 230 1231; x_wconf 85' lang='lat' dir='ltr'>venio</span> <span class='ocrx_word' id='word_1_86' title='bbox 264 1171 302 1230; x_wconf 91' lang='lat' dir='ltr'>ad</span> <span class='ocrx_word' id='word_1_87' title='bbox 330 1166 485 1245; x_wconf 81' lang='lat' dir='ltr'>‘Piraeea&#39;‚</span> <span class='ocrx_word' id='word_1_88' title='bbox 517 1171 548 1228; x_wconf 89' lang='lat' dir='ltr'>in</span> <span class='ocrx_word' id='word_1_89' title='bbox 582 1191 640 1246; x_wconf 90' lang='lat' dir='ltr'>quo</span> <span class='ocrx_word' id='word_1_90' title='bbox 672 1173 769 1248; x_wconf 77' lang='lat' dir='ltr'>magis</span> <span class='ocrx_word' id='word_1_91' title='bbox 796 1169 1054 1246; x_wconf 88' lang='lat' dir='ltr'>reprehendendus</span> <span class='ocrx_word' id='word_1_92' title='bbox 1083 1189 1159 1245; x_wconf 87' lang='lat' dir='ltr'>sum,</span> <span class='ocrx_word' id='word_1_93' title='bbox 1184 1179 1191 1190; x_wconf 92' lang='grc'><em>“</em></span> 
     </span>
     <span class='ocr_line' id='line_1_12' title="bbox 145 1258 1157 1337; baseline -0.003 -18"><span class='ocrx_word' id='word_1_94' title='bbox 145 1261 224 1337; x_wconf 93' lang='lat' dir='ltr'>quod</span> <span class='ocrx_word' id='word_1_95' title='bbox 252 1262 340 1320; x_wconf 94' lang='lat' dir='ltr'>homo</span> <span class='ocrx_word' id='word_1_96' title='bbox 371 1260 523 1320; x_wconf 85' lang='lat' dir='ltr'>Romanus</span> <span class='ocrx_word' id='word_1_97' title='bbox 553 1260 676 1319; x_wconf 88' lang='lat' dir='ltr'>Piraeea</span> <span class='ocrx_word' id='word_1_98' title='bbox 706 1260 890 1336; x_wconf 82' lang='lat' dir='ltr'>scripserim,</span> <span class='ocrx_word' id='word_1_99' title='bbox 926 1278 985 1318; x_wconf 89' lang='lat' dir='ltr'>non</span> <span class='ocrx_word' id='word_1_100' title='bbox 1017 1258 1157 1317; x_wconf 90' lang='lat' dir='ltr'>Piraeum</span> 
     </span>
     <span class='ocr_line' id='line_1_13' title="bbox 142 1341 1157 1430; baseline -0.001 -22"><span class='ocrx_word' id='word_1_101' title='bbox 142 1346 200 1430; x_wconf 88' lang='lat' dir='ltr'>(sic</span> <span class='ocrx_word' id='word_1_102' title='bbox 234 1352 313 1408; x_wconf 86' lang='lat' dir='ltr'>enim</span> <span class='ocrx_word' id='word_1_103' title='bbox 346 1368 447 1408; x_wconf 88' lang='lat' dir='ltr'>omnes</span> <span class='ocrx_word' id='word_1_104' title='bbox 480 1349 574 1408; x_wconf 89' lang='lat' dir='ltr'>nostri</span> <span class='ocrx_word' id='word_1_105' title='bbox 606 1350 699 1409; x_wconf 88' lang='lat' dir='ltr'>locuti</span> <span class='ocrx_word' id='word_1_106' title='bbox 731 1341 828 1430; x_wconf 86' lang='lat' dir='ltr'>sunt),</span> <span class='ocrx_word' id='word_1_107' title='bbox 857 1367 947 1423; x_wconf 88' lang='lat' dir='ltr'>quam</span> <span class='ocrx_word' id='word_1_108' title='bbox 974 1344 1048 1426; x_wconf 80' lang='lat' dir='ltr'>&lt;in&gt;</span> <span class='ocrx_word' id='word_1_109' title='bbox 1078 1349 1157 1423; x_wconf 91' lang='lat' dir='ltr'>quod</span> 
     </span>
     <span class='ocr_line' id='line_1_14' title="bbox 144 1435 1157 1515; baseline -0.002 -17"><span class='ocrx_word' id='word_1_110' title='bbox 144 1439 321 1515; x_wconf 80' lang='lat' dir='ltr'>addiderim3</span> <span class='ocrx_word' id='word_1_111' title='bbox 351 1457 409 1497; x_wconf 89' lang='lat' dir='ltr'>non</span> <span class='ocrx_word' id='word_1_112' title='bbox 441 1441 520 1496; x_wconf 90' lang='lat' dir='ltr'>enim</span> <span class='ocrx_word' id='word_1_113' title='bbox 548 1439 605 1497; x_wconf 90' lang='lat' dir='ltr'>hoc</span> <span class='ocrx_word' id='word_1_114' title='bbox 634 1441 670 1497; x_wconf 87' lang='lat' dir='ltr'>ut</span> <span class='ocrx_word' id='word_1_115' title='bbox 700 1439 809 1514; x_wconf 90' lang='lat' dir='ltr'>oppido</span> <span class='ocrx_word' id='word_1_116' title='bbox 838 1439 1011 1514; x_wconf 89' lang='lat' dir='ltr'>praeposui,</span> <span class='ocrx_word' id='word_1_117' title='bbox 1043 1435 1095 1496; x_wconf 86' lang='lat' dir='ltr'>sed</span> <span class='ocrx_word' id='word_1_118' title='bbox 1122 1440 1157 1496; x_wconf 92' lang='lat' dir='ltr'>ut</span> 
     </span>
     <span class='ocr_line' id='line_1_15' title="bbox 142 1526 1157 1603; baseline -0.002 -17"><span class='ocrx_word' id='word_1_119' title='bbox 142 1529 217 1588; x_wconf 93' lang='lat' dir='ltr'>loco.</span> <span class='ocrx_word' id='word_1_120' title='bbox 268 1531 298 1586; x_wconf 90' lang='lat' dir='ltr'>et</span> <span class='ocrx_word' id='word_1_121' title='bbox 324 1532 426 1586; x_wconf 89' lang='lat' dir='ltr'>tamen</span> <span class='ocrx_word' id='word_1_122' title='bbox 453 1527 614 1603; x_wconf 87' lang='lat' dir='ltr'>Dionysius</span> <span class='ocrx_word' id='word_1_123' title='bbox 642 1530 743 1586; x_wconf 85' lang='lat' dir='ltr'>noster</span> <span class='ocrx_word' id='word_1_124' title='bbox 771 1559 812 1568; x_wconf 95' lang='lat'>-</span> <span class='ocrx_word' id='word_1_125' title='bbox 837 1546 896 1586; x_wconf 91' lang='lat' dir='ltr'>non</span> <span class='ocrx_word' id='word_1_126' title='bbox 923 1526 1045 1585; x_wconf 89' lang='lat' dir='ltr'>rebatur</span> <span class='ocrx_word' id='word_1_127' title='bbox 1072 1527 1157 1602; x_wconf 90' lang='lat' dir='ltr'>oppi-</span> 
     </span>
     <span class='ocr_line' id='line_1_16' title="bbox 103 1617 1156 1684; baseline -0.001 -9"><span class='ocrx_word' id='word_1_128' title='bbox 103 1625 128 1666; x_wconf 74' lang='lat'>25</span> <span class='ocrx_word' id='word_1_129' title='bbox 143 1617 216 1675; x_wconf 89' lang='lat' dir='ltr'>dum</span> <span class='ocrx_word' id='word_1_130' title='bbox 238 1635 301 1676; x_wconf 90' lang='lat' dir='ltr'>esse</span> <span class='ocrx_word' id='word_1_131' title='bbox 324 1617 455 1675; x_wconf 86' lang='lat' dir='ltr'>Piraeea.</span> <span class='ocrx_word' id='word_1_132' title='bbox 479 1617 514 1683; x_wconf 79' lang='lat' dir='ltr'>cf.</span> <span class='ocrx_word' id='word_1_133' title='bbox 531 1617 604 1672; x_wconf 78' lang='lat' dir='ltr'>Omt.</span> <span class='ocrx_word' id='word_1_134' title='bbox 620 1618 721 1671; x_wconf 83' lang='lat' dir='ltr'>Nicias</span> <span class='ocrx_word' id='word_1_135' title='bbox 739 1622 795 1672; x_wconf 81' lang='lat' dir='ltr'>test.</span> <span class='ocrx_word' id='word_1_136' title='bbox 810 1621 854 1670; x_wconf 81' lang='lat'>16.</span> <span class='ocrx_word' id='word_1_137' title='bbox 891 1617 930 1674; x_wconf 84' lang='lat' dir='ltr'>id.</span> <span class='ocrx_word' id='word_1_138' title='bbox 949 1617 1018 1674; x_wconf 86' lang='lat' dir='ltr'>ibid.</span> <span class='ocrx_word' id='word_1_139' title='bbox 1039 1619 1068 1684; x_wconf 98' lang='grc'>7,</span> <span class='ocrx_word' id='word_1_140' title='bbox 1087 1618 1116 1684; x_wconf 89' lang='grc'>4,</span> <span class='ocrx_word' id='word_1_141' title='bbox 1138 1620 1156 1674; x_wconf 90' lang='grc'>1</span> 
     </span>
     <span class='ocr_line' id='line_1_17' title="bbox 144 1699 1157 1785; baseline -0.002 -21"><span class='ocrx_word' id='word_1_142' title='bbox 144 1700 191 1785; x_wconf 89' lang='lat' dir='ltr'>[in</span> <span class='ocrx_word' id='word_1_143' title='bbox 209 1699 590 1783; x_wconf 63' lang='grc' dir='ltr'><em>Ρο1η1101111011704150]</em></span> <span class='ocrx_word' id='word_1_144' title='bbox 610 1705 789 1780; x_wconf 88' lang='lat' dir='ltr'>Dionysium</span> <span class='ocrx_word' id='word_1_145' title='bbox 812 1704 988 1782; x_wconf 85' lang='lat' dir='ltr'>flagrantem</span> <span class='ocrx_word' id='word_1_146' title='bbox 1012 1704 1157 1763; x_wconf 90' lang='lat' dir='ltr'>desiderio</span> 
     </span>
     <span class='ocr_line' id='line_1_18' title="bbox 141 1790 1157 1874; baseline -0.003 -21"><span class='ocrx_word' id='word_1_147' title='bbox 141 1795 187 1854; x_wconf 89' lang='lat' dir='ltr'>tui</span> <span class='ocrx_word' id='word_1_148' title='bbox 212 1790 327 1874; x_wconf 71' lang='lat' dir='ltr'>[Anca]</span> <span class='ocrx_word' id='word_1_149' title='bbox 352 1795 420 1853; x_wconf 90' lang='lat' dir='ltr'>misi</span> <span class='ocrx_word' id='word_1_150' title='bbox 449 1794 486 1853; x_wconf 89' lang='lat' dir='ltr'>ad</span> <span class='ocrx_word' id='word_1_151' title='bbox 513 1798 543 1853; x_wconf 86' lang='lat' dir='ltr'>te</span> <span class='ocrx_word' id='word_1_152' title='bbox 571 1812 625 1853; x_wconf 91' lang='lat' dir='ltr'>nec</span> <span class='ocrx_word' id='word_1_153' title='bbox 651 1794 817 1853; x_wconf 85' lang='lat' dir='ltr'>mehercule</span> <span class='ocrx_word' id='word_1_154' title='bbox 845 1812 940 1869; x_wconf 89' lang='lat' dir='ltr'>aequo</span> <span class='ocrx_word' id='word_1_155' title='bbox 969 1793 1077 1868; x_wconf 82' lang='lat' dir='ltr'>animo,</span> <span class='ocrx_word' id='word_1_156' title='bbox 1106 1793 1157 1851; x_wconf 89' lang='lat' dir='ltr'>sed</span> 
     </span>
     <span class='ocr_line' id='line_1_19' title="bbox 141 1871 1156 1960; baseline -0.001 -19"><span class='ocrx_word' id='word_1_157' title='bbox 141 1884 203 1942; x_wconf 88' lang='lat' dir='ltr'>fuit</span> <span class='ocrx_word' id='word_1_158' title='bbox 226 1883 450 1943; x_wconf 91' lang='lat' dir='ltr'>concedendum.</span> <span class='ocrx_word' id='word_1_159' title='bbox 498 1903 585 1958; x_wconf 88' lang='lat' dir='ltr'>quem</span> <span class='ocrx_word' id='word_1_160' title='bbox 609 1883 730 1958; x_wconf 91' lang='lat' dir='ltr'>quidem</span> <span class='ocrx_word' id='word_1_161' title='bbox 753 1883 877 1960; x_wconf 84' lang='lat' dir='ltr'>cognovi</span> <span class='ocrx_word' id='word_1_162' title='bbox 906 1902 996 1958; x_wconf 92' lang='lat' dir='ltr'>quom</span> <span class='ocrx_word' id='word_1_163' title='bbox 1027 1871 1156 1955; x_wconf 78' lang='lat' dir='ltr'>doctum,</span> 
     </span>
    </p>
   </div>
   <div class='ocr_carea' id='block_1_3' title="bbox 143 1969 1266 2050">
    <p class='ocr_par' dir='ltr' id='par_1_3' title="bbox 143 1955 1266 2050">
     <span class='ocr_line' id='line_1_20' title="bbox 143 1969 1266 2050; baseline -0.004 -19"><span class='ocrx_word' id='word_1_164' title='bbox 143 1973 222 2048; x_wconf 91' lang='lat' dir='ltr'>quod</span> <span class='ocrx_word' id='word_1_165' title='bbox 245 1973 320 2031; x_wconf 91' lang='lat' dir='ltr'>mihi</span> <span class='ocrx_word' id='word_1_166' title='bbox 343 1973 403 2030; x_wconf 90' lang='lat' dir='ltr'>iam</span> <span class='ocrx_word' id='word_1_167' title='bbox 428 1975 496 2031; x_wconf 88' lang='lat' dir='ltr'>ante</span> <span class='ocrx_word' id='word_1_168' title='bbox 520 1975 585 2031; x_wconf 89' lang='lat' dir='ltr'>erat</span> <span class='ocrx_word' id='word_1_169' title='bbox 607 1976 721 2045; x_wconf 89' lang='lat' dir='ltr'>notum,</span> <span class='ocrx_word' id='word_1_170' title='bbox 744 1973 809 2030; x_wconf 86' lang='lat' dir='ltr'>tum</span> <span class='ocrx_word' id='word_1_171' title='bbox 829 1991 899 2031; x_wconf 88' lang='lat' dir='ltr'>sane</span> <span class='ocrx_word' id='word_1_172' title='bbox 917 1973 1039 2048; x_wconf 90' lang='lat' dir='ltr'>plenum</span> <span class='ocrx_word' id='word_1_173' title='bbox 1057 1969 1157 2045; x_wconf 88' lang='lat' dir='ltr'>officii,</span> <span class='ocrx_word' id='word_1_174' title='bbox 1265 2017 1266 2050; x_wconf 57' lang='grc'><em>,</em></span> 
     </span>
    </p>
   </div>
   <div class='ocr_carea' id='block_1_4' title="bbox 102 2059 1226 2847">
    <p class='ocr_par' dir='ltr' id='par_1_4' title="bbox 102 2059 1226 2494">
     <span class='ocr_line' id='line_1_21' title="bbox 102 2059 1226 2137; baseline -0.003 -16"><span class='ocrx_word' id='word_1_175' title='bbox 102 2076 128 2116; x_wconf 75' lang='grc'><em>10</em></span> <span class='ocrx_word' id='word_1_176' title='bbox 142 2062 309 2122; x_wconf 88' lang='lat' dir='ltr'>studiosum</span> <span class='ocrx_word' id='word_1_177' title='bbox 333 2064 424 2120; x_wconf 91' lang='lat' dir='ltr'>etiam</span> <span class='ocrx_word' id='word_1_178' title='bbox 446 2080 530 2119; x_wconf 90' lang='lat' dir='ltr'>meae</span> <span class='ocrx_word' id='word_1_179' title='bbox 553 2061 661 2135; x_wconf 75' lang='lat' dir='ltr'>laodic,</span> <span class='ocrx_word' id='word_1_180' title='bbox 682 2061 763 2137; x_wconf 79' lang='lat' dir='ltr'>frugi</span> <span class='ocrx_word' id='word_1_181' title='bbox 783 2061 994 2134; x_wconf 74' lang='lat' dir='ltr'>hominemne,</span> <span class='ocrx_word' id='word_1_182' title='bbox 1013 2079 1049 2118; x_wconf 88' lang='lat' dir='ltr'>ne</span> <span class='ocrx_word' id='word_1_183' title='bbox 1068 2059 1156 2118; x_wconf 90' lang='lat' dir='ltr'>liber·</span> <span class='ocrx_word' id='word_1_184' title='bbox 1223 2104 1226 2110; x_wconf 87' lang='lat'>.</span> 
     </span>
     <span class='ocr_line' id='line_1_22' title="bbox 141 2150 1159 2226; baseline -0.002 -17"><span class='ocrx_word' id='word_1_185' title='bbox 141 2153 239 2209; x_wconf 88' lang='lat' dir='ltr'>tinum</span> <span class='ocrx_word' id='word_1_186' title='bbox 270 2151 393 2210; x_wconf 91' lang='lat' dir='ltr'>laudare</span> <span class='ocrx_word' id='word_1_187' title='bbox 420 2150 536 2225; x_wconf 84' lang='lat' dir='ltr'>videar,</span> <span class='ocrx_word' id='word_1_188' title='bbox 563 2150 652 2226; x_wconf 91' lang='lat' dir='ltr'>plane</span> <span class='ocrx_word' id='word_1_189' title='bbox 682 2152 780 2208; x_wconf 90' lang='lat' dir='ltr'>virum</span> <span class='ocrx_word' id='word_1_190' title='bbox 802 2150 920 2208; x_wconf 90' lang='lat' dir='ltr'>bonum.</span> <span class='ocrx_word' id='word_1_191' title='bbox 962 2151 997 2208; x_wconf 82' lang='lat' dir='ltr'>de</span> <span class='ocrx_word' id='word_1_192' title='bbox 1019 2150 1159 2223; x_wconf 74' lang='lat' dir='ltr'>Dionysii</span> 
     </span>
     <span class='ocr_line' id='line_1_23' title="bbox 142 2232 1156 2319; baseline -0.002 -20"><span class='ocrx_word' id='word_1_193' title='bbox 142 2242 300 2313; x_wconf 77' lang='lat' dir='ltr'>disciplina</span> <span class='ocrx_word' id='word_1_194' title='bbox 322 2241 368 2299; x_wconf 82' lang='lat' dir='ltr'>nd.</span> <span class='ocrx_word' id='word_1_195' title='bbox 409 2241 450 2298; x_wconf 84' lang='lat' dir='ltr'>iri.</span> <span class='ocrx_word' id='word_1_196' title='bbox 481 2240 550 2298; x_wconf 84' lang='lat' dir='ltr'>ibid.</span> <span class='ocrx_word' id='word_1_197' title='bbox 582 2243 615 2309; x_wconf 86' lang='grc'>4,</span> <span class='ocrx_word' id='word_1_198' title='bbox 644 2239 699 2309; x_wconf 93' lang='grc'>15,</span> <span class='ocrx_word' id='word_1_199' title='bbox 726 2242 768 2297; x_wconf 88' lang='grc'>10</span> <span class='ocrx_word' id='word_1_200' title='bbox 801 2232 926 2317; x_wconf 85' lang='lat' dir='ltr'>[Romae</span> <span class='ocrx_word' id='word_1_201' title='bbox 956 2257 982 2298; x_wconf 87' lang='lat' dir='ltr'>a.</span> <span class='ocrx_word' id='word_1_202' title='bbox 1015 2232 1156 2319; x_wconf 88' lang='grc'><em>704150]</em></span> 
     </span>
     <span class='ocr_line' id='line_1_24' title="bbox 142 2326 1157 2406; baseline -0.002 -19"><span class='ocrx_word' id='word_1_203' title='bbox 142 2329 321 2404; x_wconf 84' lang='lat' dir='ltr'>Dionysium</span> <span class='ocrx_word' id='word_1_204' title='bbox 344 2329 435 2386; x_wconf 81' lang='lat' dir='ltr'>velim</span> <span class='ocrx_word' id='word_1_205' title='bbox 458 2329 571 2387; x_wconf 88' lang='lat' dir='ltr'>salvere</span> <span class='ocrx_word' id='word_1_206' title='bbox 594 2327 696 2387; x_wconf 88' lang='lat' dir='ltr'>iubeas</span> <span class='ocrx_word' id='word_1_207' title='bbox 720 2330 750 2386; x_wconf 91' lang='lat' dir='ltr'>et</span> <span class='ocrx_word' id='word_1_208' title='bbox 773 2347 842 2386; x_wconf 87' lang='lat' dir='ltr'>eum</span> <span class='ocrx_word' id='word_1_209' title='bbox 863 2346 949 2406; x_wconf 85' lang='lat' dir='ltr'>roges</span> <span class='ocrx_word' id='word_1_210' title='bbox 973 2330 1004 2385; x_wconf 91' lang='lat' dir='ltr'>et</span> <span class='ocrx_word' id='word_1_211' title='bbox 1029 2326 1157 2400; x_wconf 85' lang='lat' dir='ltr'>hortere,</span> 
     </span>
     <span class='ocr_line' id='line_1_25' title="bbox 142 2415 1156 2494; baseline -0.002 -18"><span class='ocrx_word' id='word_1_212' title='bbox 142 2421 177 2476; x_wconf 91' lang='lat' dir='ltr'>ut</span> <span class='ocrx_word' id='word_1_213' title='bbox 201 2437 291 2493; x_wconf 92' lang='lat' dir='ltr'>quam</span> <span class='ocrx_word' id='word_1_214' title='bbox 313 2419 443 2494; x_wconf 90' lang='lat' dir='ltr'>primum</span> <span class='ocrx_word' id='word_1_215' title='bbox 462 2419 572 2491; x_wconf 82' lang='lat' dir='ltr'>veniat,</span> <span class='ocrx_word' id='word_1_216' title='bbox 591 2420 626 2476; x_wconf 91' lang='lat' dir='ltr'>ut</span> <span class='ocrx_word' id='word_1_217' title='bbox 643 2419 739 2494; x_wconf 88' lang='lat' dir='ltr'>possit</span> <span class='ocrx_word' id='word_1_218' title='bbox 757 2415 928 2476; x_wconf 80' lang='lat' dir='ltr'>Ciceronem</span> <span class='ocrx_word' id='word_1_219' title='bbox 947 2435 1044 2475; x_wconf 91' lang='lat' dir='ltr'>meum</span> <span class='ocrx_word' id='word_1_220' title='bbox 1064 2419 1156 2491; x_wconf 88' lang='lat' dir='ltr'>atque</span> 
     </span>
    </p>

    <p class='ocr_par' dir='ltr' id='par_1_5' title="bbox 102 2499 1158 2847">
     <span class='ocr_line' id='line_1_26' title="bbox 102 2499 1158 2584; baseline 0.001 -22"><span class='ocrx_word' id='word_1_221' title='bbox 102 2515 127 2563; x_wconf 71' lang='lat' dir='ltr'>‘er</span> <span class='ocrx_word' id='word_1_222' title='bbox 143 2509 234 2566; x_wconf 86' lang='lat' dir='ltr'>etiam</span> <span class='ocrx_word' id='word_1_223' title='bbox 263 2525 310 2566; x_wconf 92' lang='lat' dir='ltr'>me</span> <span class='ocrx_word' id='word_1_224' title='bbox 342 2507 440 2583; x_wconf 89' lang='lat' dir='ltr'>ipsum</span> <span class='ocrx_word' id='word_1_225' title='bbox 473 2506 596 2565; x_wconf 88' lang='lat' dir='ltr'>erudire.</span> <span class='ocrx_word' id='word_1_226' title='bbox 642 2506 682 2566; x_wconf 86' lang='lat' dir='ltr'>id.</span> <span class='ocrx_word' id='word_1_227' title='bbox 712 2507 781 2565; x_wconf 87' lang='lat' dir='ltr'>ibid.</span> <span class='ocrx_word' id='word_1_228' title='bbox 808 2507 949 2575; x_wconf 81' lang='grc'><em>6,1,12</em></span> <span class='ocrx_word' id='word_1_229' title='bbox 979 2499 1158 2584; x_wconf 84' lang='lat' dir='ltr'>[Laodiceae</span> 
     </span>
     <span class='ocr_line' id='line_1_27' title="bbox 143 2589 1155 2676; baseline -0.004 -20"><span class='ocrx_word' id='word_1_230' title='bbox 143 2615 170 2656; x_wconf 87' lang='lat' dir='ltr'>a.</span> <span class='ocrx_word' id='word_1_231' title='bbox 192 2589 333 2676; x_wconf 87' lang='grc'><em>704150]</em></span> <span class='ocrx_word' id='word_1_232' title='bbox 354 2595 509 2655; x_wconf 79' lang='lat' dir='ltr'>Cicerones</span> <span class='ocrx_word' id='word_1_233' title='bbox 531 2595 617 2672; x_wconf 91' lang='lat' dir='ltr'>pueri</span> <span class='ocrx_word' id='word_1_234' title='bbox 641 2598 744 2654; x_wconf 89' lang='lat' dir='ltr'>amant</span> <span class='ocrx_word' id='word_1_235' title='bbox 761 2597 840 2654; x_wconf 86' lang='lat' dir='ltr'>inter</span> <span class='ocrx_word' id='word_1_236' title='bbox 863 2613 903 2669; x_wconf 87' lang='lat' dir='ltr'>se,</span> <span class='ocrx_word' id='word_1_237' title='bbox 926 2594 1053 2669; x_wconf 78' lang='lat' dir='ltr'>discunt,</span> <span class='ocrx_word' id='word_1_238' title='bbox 1076 2612 1155 2652; x_wconf 88' lang='lat' dir='ltr'>exer-</span> 
     </span>
     <span class='ocr_line' id='line_1_28' title="bbox 143 2683 1156 2761; baseline -0.003 -17"><span class='ocrx_word' id='word_1_239' title='bbox 143 2688 247 2744; x_wconf 90' lang='lat' dir='ltr'>centur</span> <span class='ocrx_word' id='word_1_240' title='bbox 261 2716 311 2742; x_wconf 86' lang='lat'>-.</span> <span class='ocrx_word' id='word_1_241' title='bbox 349 2685 512 2760; x_wconf 88' lang='lat' dir='ltr'>Dionysius</span> <span class='ocrx_word' id='word_1_242' title='bbox 535 2685 608 2742; x_wconf 90' lang='lat' dir='ltr'>mihi</span> <span class='ocrx_word' id='word_1_243' title='bbox 632 2684 753 2761; x_wconf 89' lang='lat' dir='ltr'>quidem</span> <span class='ocrx_word' id='word_1_244' title='bbox 775 2685 807 2742; x_wconf 92' lang='lat' dir='ltr'>in</span> <span class='ocrx_word' id='word_1_245' title='bbox 826 2683 976 2744; x_wconf 88' lang='lat' dir='ltr'>amoribus</span> <span class='ocrx_word' id='word_1_246' title='bbox 996 2685 1053 2758; x_wconf 79' lang='lat' dir='ltr'>est3</span> <span class='ocrx_word' id='word_1_247' title='bbox 1071 2684 1156 2759; x_wconf 89' lang='lat' dir='ltr'>pueri</span> 
     </span>
     <span class='ocr_line' id='line_1_29' title="bbox 143 2770 1158 2847; baseline -0.004 -14"><span class='ocrx_word' id='word_1_248' title='bbox 143 2776 242 2833; x_wconf 91' lang='lat' dir='ltr'>autem</span> <span class='ocrx_word' id='word_1_249' title='bbox 271 2774 356 2832; x_wconf 87' lang='lat' dir='ltr'>aiunt</span> <span class='ocrx_word' id='word_1_250' title='bbox 383 2792 452 2832; x_wconf 91' lang='lat' dir='ltr'>eum</span> <span class='ocrx_word' id='word_1_251' title='bbox 478 2774 611 2832; x_wconf 81' lang='lat' dir='ltr'>furenter</span> <span class='ocrx_word' id='word_1_252' title='bbox 637 2775 739 2847; x_wconf 81' lang='lat' dir='ltr'>irasci3</span> <span class='ocrx_word' id='word_1_253' title='bbox 766 2772 818 2832; x_wconf 87' lang='lat' dir='ltr'>sed</span> <span class='ocrx_word' id='word_1_254' title='bbox 844 2773 932 2832; x_wconf 92' lang='lat' dir='ltr'>homo</span> <span class='ocrx_word' id='word_1_255' title='bbox 960 2791 1014 2832; x_wconf 91' lang='lat' dir='ltr'>nec</span> <span class='ocrx_word' id='word_1_256' title='bbox 1041 2770 1158 2832; x_wconf 89' lang='lat' dir='ltr'>doctior</span> 
     </span>
    </p>
   </div>
   <div class='ocr_carea' id='block_1_5' title="bbox 143 2861 1158 3014">
    <p class='ocr_par' dir='ltr' id='par_1_6' title="bbox 143 2861 1158 3014">
     <span class='ocr_line' id='line_1_30' title="bbox 143 2861 1158 2939; baseline -0.005 -18"><span class='ocrx_word' id='word_1_257' title='bbox 143 2881 196 2922; x_wconf 92' lang='lat' dir='ltr'>nec</span> <span class='ocrx_word' id='word_1_258' title='bbox 220 2865 351 2922; x_wconf 88' lang='lat' dir='ltr'>sanctior</span> <span class='ocrx_word' id='word_1_259' title='bbox 372 2861 437 2920; x_wconf 88' lang='lat' dir='ltr'>fieri</span> <span class='ocrx_word' id='word_1_260' title='bbox 459 2865 560 2939; x_wconf 86' lang='lat' dir='ltr'>potest</span> <span class='ocrx_word' id='word_1_261' title='bbox 582 2881 635 2921; x_wconf 91' lang='lat' dir='ltr'>nec</span> <span class='ocrx_word' id='word_1_262' title='bbox 658 2864 704 2921; x_wconf 87' lang='lat' dir='ltr'>tui</span> <span class='ocrx_word' id='word_1_263' title='bbox 726 2863 843 2937; x_wconf 89' lang='lat' dir='ltr'>meique</span> <span class='ocrx_word' id='word_1_264' title='bbox 866 2862 1023 2920; x_wconf 89' lang='lat' dir='ltr'>amantior.</span> <span class='ocrx_word' id='word_1_265' title='bbox 1064 2864 1158 2930; x_wconf 78' lang='lat' dir='ltr'>itaque</span> 
     </span>
     <span class='ocr_line' id='line_1_31' title="bbox 143 2939 1156 3014; baseline -0.004 -16"><span class='ocrx_word' id='word_1_266' title='bbox 143 2945 299 3013; x_wconf 75' lang='lat' dir='ltr'>Dionysius</span> <span class='ocrx_word' id='word_1_267' title='bbox 323 2960 385 2998; x_wconf 83' lang='lat' dir='ltr'>cnm</span> <span class='ocrx_word' id='word_1_268' title='bbox 413 2943 563 3014; x_wconf 71' lang='lat' dir='ltr'>Chrysippo</span> <span class='ocrx_word' id='word_1_269' title='bbox 590 2945 705 3012; x_wconf 77' lang='lat' dir='ltr'>aliisque</span> <span class='ocrx_word' id='word_1_270' title='bbox 730 2943 833 2997; x_wconf 73' lang='lat' dir='ltr'>libertis</span> <span class='ocrx_word' id='word_1_271' title='bbox 858 2942 1010 2997; x_wconf 72' lang='lat' dir='ltr'>Ciceronem</span> <span class='ocrx_word' id='word_1_272' title='bbox 1032 2942 1064 2995; x_wconf 89' lang='lat' dir='ltr'>in</span> <span class='ocrx_word' id='word_1_273' title='bbox 1090 2939 1156 2995; x_wconf 82' lang='lat' dir='ltr'>Cili-</span> 
     </span>
    </p>
   </div>
   <div class='ocr_carea' id='block_1_6' title="bbox 143 3012 1265 3083">
    <p class='ocr_par' dir='ltr' id='par_1_7' title="bbox 143 3012 1265 3083">
     <span class='ocr_line' id='line_1_32' title="bbox 143 3012 1265 3083; baseline -0.005 -13"><span class='ocrx_word' id='word_1_274' title='bbox 143 3017 214 3070; x_wconf 85' lang='lat' dir='ltr'>ciam</span> <span class='ocrx_word' id='word_1_275' title='bbox 232 3016 377 3070; x_wconf 80' lang='lat' dir='ltr'>comitotns</span> <span class='ocrx_word' id='word_1_276' title='bbox 396 3022 441 3080; x_wconf 81' lang='lat' dir='ltr'>est,</span> <span class='ocrx_word' id='word_1_277' title='bbox 460 3015 598 3082; x_wconf 76' lang='lat' dir='ltr'>attilium</span> <span class='ocrx_word' id='word_1_278' title='bbox 617 3021 642 3070; x_wconf 81' lang='lat' dir='ltr'>et</span> <span class='ocrx_word' id='word_1_279' title='bbox 659 3020 779 3083; x_wconf 79' lang='lat' dir='ltr'>nepotem</span> <span class='ocrx_word' id='word_1_280' title='bbox 794 3016 852 3067; x_wconf 82' lang='lat' dir='ltr'>eins</span> <span class='ocrx_word' id='word_1_281' title='bbox 865 3015 1025 3068; x_wconf 78' lang='lat' dir='ltr'>institueret.</span> <span class='ocrx_word' id='word_1_282' title='bbox 1059 3012 1157 3068; x_wconf 85' lang='lat' dir='ltr'>deinde</span> <span class='ocrx_word' id='word_1_283' title='bbox 1264 3037 1265 3044; x_wconf 45' lang='lat'>1</span> 
     </span>
    </p>
   </div>
   <div class='ocr_carea' id='block_1_7' title="bbox 142 3084 1159 3369">
    <p class='ocr_par' dir='ltr' id='par_1_8' title="bbox 142 3084 1159 3369">
     <span class='ocr_line' id='line_1_33' title="bbox 142 3084 1157 3157; baseline -0.001 -18"><span class='ocrx_word' id='word_1_284' title='bbox 142 3087 236 3157; x_wconf 77' lang='lat' dir='ltr'>pratia</span> <span class='ocrx_word' id='word_1_285' title='bbox 261 3089 319 3141; x_wconf 84' lang='lat' dir='ltr'>eins</span> <span class='ocrx_word' id='word_1_286' title='bbox 345 3088 447 3140; x_wconf 87' lang='lat' dir='ltr'>omisso</span> <span class='ocrx_word' id='word_1_287' title='bbox 472 3104 497 3140; x_wconf 83' lang='lat' dir='ltr'>a.</span> <span class='ocrx_word' id='word_1_288' title='bbox 519 3087 626 3150; x_wconf 85' lang='grc'><em>709145</em></span> <span class='ocrx_word' id='word_1_289' title='bbox 648 3102 748 3153; x_wconf 78' lang='lat' dir='ltr'>pueros</span> <span class='ocrx_word' id='word_1_290' title='bbox 775 3084 889 3139; x_wconf 85' lang='lat' dir='ltr'>docendi</span> <span class='ocrx_word' id='word_1_291' title='bbox 916 3086 1034 3154; x_wconf 74' lang='lat' dir='ltr'>crepidas</span> <span class='ocrx_word' id='word_1_292' title='bbox 1059 3100 1157 3139; x_wconf 78' lang='lat' dir='ltr'>rursus</span> 
     </span>
     <span class='ocr_line' id='line_1_34' title="bbox 143 3155 1159 3228; baseline -0.002 -17"><span class='ocrx_word' id='word_1_293' title='bbox 143 3164 259 3228; x_wconf 82' lang='lat' dir='ltr'>apparet</span> <span class='ocrx_word' id='word_1_294' title='bbox 286 3157 351 3226; x_wconf 86' lang='lat' dir='ltr'>(Cic.</span> <span class='ocrx_word' id='word_1_295' title='bbox 376 3158 442 3212; x_wconf 82' lang='lat' dir='ltr'>ibid.</span> <span class='ocrx_word' id='word_1_296' title='bbox 467 3161 510 3223; x_wconf 89' lang='grc'><em>13,</em></span> <span class='ocrx_word' id='word_1_297' title='bbox 533 3159 588 3225; x_wconf 72' lang='grc' dir='ltr'>2ὺ).</span> <span class='ocrx_word' id='word_1_298' title='bbox 634 3157 761 3212; x_wconf 81' lang='lat' dir='ltr'>uberiora</span> <span class='ocrx_word' id='word_1_299' title='bbox 788 3157 821 3210; x_wconf 85' lang='lat' dir='ltr'>de</span> <span class='ocrx_word' id='word_1_300' title='bbox 848 3172 877 3210; x_wconf 87' lang='lat' dir='ltr'>eo</span> <span class='ocrx_word' id='word_1_301' title='bbox 904 3155 983 3210; x_wconf 85' lang='lat' dir='ltr'>dabit</span> <span class='ocrx_word' id='word_1_302' title='bbox 1004 3156 1159 3210; x_wconf 84' lang='lat' dir='ltr'>Dramonn</span> 
     </span>
     <span class='ocr_line' id='line_1_35' title="bbox 142 3227 1156 3298; baseline -0.004 -14"><span class='ocrx_word' id='word_1_303' title='bbox 142 3234 182 3296; x_wconf 79' lang='lat'>(6,</span> <span class='ocrx_word' id='word_1_304' title='bbox 202 3231 330 3298; x_wconf 77' lang='lat' dir='ltr'>403sq.),</span> <span class='ocrx_word' id='word_1_305' title='bbox 354 3229 402 3297; x_wconf 78' lang='lat' dir='ltr'>qni</span> <span class='ocrx_word' id='word_1_306' title='bbox 423 3235 491 3283; x_wconf 83' lang='lat' dir='ltr'>reete</span> <span class='ocrx_word' id='word_1_307' title='bbox 509 3229 678 3297; x_wconf 79' lang='lat' dir='ltr'>Dionysiam</span> <span class='ocrx_word' id='word_1_308' title='bbox 700 3228 773 3282; x_wconf 84' lang='lat' dir='ltr'>bwne</span> <span class='ocrx_word' id='word_1_309' title='bbox 791 3227 879 3282; x_wconf 76' lang='lat' dir='ltr'>Attici</span> <span class='ocrx_word' id='word_1_310' title='bbox 901 3228 1027 3282; x_wconf 75' lang='lat' dir='ltr'>tiberiam</span> <span class='ocrx_word' id='word_1_311' title='bbox 1050 3245 1068 3280; x_wconf 86' lang='lat' dir='ltr'>a</span> <span class='ocrx_word' id='word_1_312' title='bbox 1086 3227 1156 3281; x_wconf 80' lang='lat' dir='ltr'>Dio-</span> 
     </span>
     <span class='ocr_line' id='line_1_36' title="bbox 143 3297 1155 3369; baseline -0.003 -15"><span class='ocrx_word' id='word_1_313' title='bbox 143 3302 223 3369; x_wconf 75' lang='lat' dir='ltr'>nyeio</span> <span class='ocrx_word' id='word_1_314' title='bbox 244 3300 382 3355; x_wconf 83' lang='lat' dir='ltr'>Ciceronis</span> <span class='ocrx_word' id='word_1_315' title='bbox 399 3315 473 3355; x_wconf 82' lang='lat' dir='ltr'>seruo</span> <span class='ocrx_word' id='word_1_316' title='bbox 492 3300 628 3354; x_wconf 74' lang='lat' dir='ltr'>destinarit.</span> <span class='ocrx_word' id='word_1_317' title='bbox 661 3300 695 3365; x_wconf 78' lang='lat' dir='ltr'>ef.</span> <span class='ocrx_word' id='word_1_318' title='bbox 706 3303 848 3368; x_wconf 78' lang='lat' dir='ltr'>praeterea</span> <span class='ocrx_word' id='word_1_319' title='bbox 861 3297 907 3351; x_wconf 88' lang='lat' dir='ltr'>De</span> <span class='ocrx_word' id='word_1_320' title='bbox 925 3299 1044 3352; x_wconf 79' lang='lat' dir='ltr'>biblioth.</span> <span class='ocrx_word' id='word_1_321' title='bbox 1059 3304 1115 3352; x_wconf 81' lang='lat' dir='ltr'>tesi.</span> <span class='ocrx_word' id='word_1_322' title='bbox 1129 3302 1155 3351; x_wconf 89' lang='grc'>8.</span> 
     </span>
    </p>
   </div>
   <div class='ocr_carea' id='block_1_8' title="bbox 217 3381 1159 3459">
    <p class='ocr_par' dir='ltr' id='par_1_9' title="bbox 217 3381 1159 3459">
     <span class='ocr_line' id='line_1_37' title="bbox 217 3381 1159 3459; baseline -0.002 -17"><span class='ocrx_word' id='word_1_323' title='bbox 217 3395 230 3442; x_wconf 84' lang='grc'><em>7</em></span> <span class='ocrx_word' id='word_1_324' title='bbox 250 3392 363 3442; x_wconf 87' lang='lat' dir='ltr'>tantum</span> <span class='ocrx_word' id='word_1_325' title='bbox 380 3388 463 3444; x_wconf 83' lang='lat' dir='ltr'>Orelli</span> <span class='ocrx_word' id='word_1_326' title='bbox 477 3388 579 3457; x_wconf 77' lang='lat' dir='ltr'>aliique</span> <span class='ocrx_word' id='word_1_327' title='bbox 591 3391 650 3442; x_wconf 87' lang='lat' dir='ltr'>tam</span> <span class='ocrx_word' id='word_1_328' title='bbox 664 3406 719 3459; x_wconf 74' lang='lat' dir='ltr'>cp:</span> <span class='ocrx_word' id='word_1_329' title='bbox 737 3390 798 3441; x_wconf 92' lang='lat' dir='ltr'>tum</span> <span class='ocrx_word' id='word_1_330' title='bbox 853 3391 869 3440; x_wconf 93' lang='lat'>8</span> <span class='ocrx_word' id='word_1_331' title='bbox 888 3388 965 3441; x_wconf 82' lang='lat' dir='ltr'>sunt:</span> <span class='ocrx_word' id='word_1_332' title='bbox 980 3381 1159 3442; x_wconf 68' lang='lat' dir='ltr'>eijrraesu</span> 
     </span>
    </p>
   </div>
   <div class='ocr_carea' id='block_1_9' title="bbox 144 3457 1264 3528">
    <p class='ocr_par' dir='ltr' id='par_1_10' title="bbox 144 3457 1264 3528">
     <span class='ocr_line' id='line_1_38' title="bbox 144 3457 1264 3528; baseline -0.004 -14"><span class='ocrx_word' id='word_1_333' title='bbox 144 3465 176 3514; x_wconf 78' lang='lat'>12</span> <span class='ocrx_word' id='word_1_334' title='bbox 193 3460 306 3515; x_wconf 89' lang='lat' dir='ltr'>deorum</span> <span class='ocrx_word' id='word_1_335' title='bbox 321 3463 415 3528; x_wconf 79' lang='lat' dir='ltr'>mysia</span> <span class='ocrx_word' id='word_1_336' title='bbox 428 3462 497 3516; x_wconf 88' lang='lat' dir='ltr'>coni.</span> <span class='ocrx_word' id='word_1_337' title='bbox 511 3459 731 3514; x_wconf 80' lang='lat' dir='ltr'>OFWMneller</span> <span class='ocrx_word' id='word_1_338' title='bbox 741 3460 799 3514; x_wconf 84' lang='lat' dir='ltr'>coli.</span> <span class='ocrx_word' id='word_1_339' title='bbox 810 3458 911 3527; x_wconf 59' lang='lat' dir='ltr'>narem.</span> <span class='ocrx_word' id='word_1_340' title='bbox 921 3459 956 3524; x_wconf 80' lang='lat' dir='ltr'>fr.</span> <span class='ocrx_word' id='word_1_341' title='bbox 970 3457 1037 3513; x_wconf 79' lang='lat' dir='ltr'>Cret.</span> <span class='ocrx_word' id='word_1_342' title='bbox 1048 3461 1111 3522; x_wconf 86' lang='grc'><em>475,</em></span> <span class='ocrx_word' id='word_1_343' title='bbox 1122 3462 1157 3511; x_wconf 88' lang='grc'><em>10</em></span> <span class='ocrx_word' id='word_1_344' title='bbox 1263 3507 1264 3510; x_wconf 74' lang='grc'><em>,</em></span> 
     </span>
    </p>
   </div>
   <div class='ocr_carea' id='block_1_10' title="bbox 138 3529 1158 3670">
    <p class='ocr_par' dir='ltr' id='par_1_11' title="bbox 138 3529 1158 3670">
     <span class='ocr_line' id='line_1_39' title="bbox 138 3529 1158 3602; baseline -0.003 -15"><span class='ocrx_word' id='word_1_345' title='bbox 138 3549 169 3602; x_wconf 77' lang='lat' dir='ltr'>p.</span> <span class='ocrx_word' id='word_1_346' title='bbox 185 3536 239 3587; x_wconf 88' lang='grc'>505</span> <span class='ocrx_word' id='word_1_347' title='bbox 248 3531 301 3587; x_wconf 87' lang='lat' dir='ltr'>N.¹</span> <span class='ocrx_word' id='word_1_348' title='bbox 319 3535 379 3585; x_wconf 87' lang='lat' dir='ltr'>tum</span> <span class='ocrx_word' id='word_1_349' title='bbox 399 3531 433 3585; x_wconf 91' lang='lat' dir='ltr'>de</span> <span class='ocrx_word' id='word_1_350' title='bbox 453 3531 507 3586; x_wconf 90' lang='lat' dir='ltr'>isto</span> <span class='ocrx_word' id='word_1_351' title='bbox 527 3533 600 3600; x_wconf 92' lang='lat' dir='ltr'>(cum</span> <span class='ocrx_word' id='word_1_352' title='bbox 620 3531 655 3585; x_wconf 89' lang='lat' dir='ltr'>de</span> <span class='ocrx_word' id='word_1_353' title='bbox 673 3531 728 3585; x_wconf 81' lang='lat' dir='ltr'>isto</span> <span class='ocrx_word' id='word_1_354' title='bbox 747 3529 848 3585; x_wconf 85' lang='lat' dir='ltr'>Medic.</span> <span class='ocrx_word' id='word_1_355' title='bbox 863 3547 897 3581; x_wconf 89' lang='lat' dir='ltr'>m.</span> <span class='ocrx_word' id='word_1_356' title='bbox 912 3530 941 3598; x_wconf 85' lang='lat'>2)</span> <span class='ocrx_word' id='word_1_357' title='bbox 955 3530 1034 3584; x_wconf 74' lang='lat' dir='ltr'>Klots</span> <span class='ocrx_word' id='word_1_358' title='bbox 1052 3529 1158 3599; x_wconf 81' lang='lat' dir='ltr'>Tyrreil</span> 
     </span>
     <span class='ocr_line' id='line_1_40' title="bbox 142 3600 1155 3670; baseline -0.006 -12"><span class='ocrx_word' id='word_1_359' title='bbox 142 3610 168 3658; x_wconf 79' lang='lat' dir='ltr'>et</span> <span class='ocrx_word' id='word_1_360' title='bbox 194 3605 295 3659; x_wconf 83' lang='lat' dir='ltr'>secluso</span> <span class='ocrx_word' id='word_1_361' title='bbox 323 3606 382 3656; x_wconf 88' lang='lat' dir='ltr'>tum</span> <span class='ocrx_word' id='word_1_362' title='bbox 408 3605 480 3658; x_wconf 82' lang='lat' dir='ltr'>Boot</span> <span class='ocrx_word' id='word_1_363' title='bbox 554 3609 587 3655; x_wconf 75' lang='lat'>22</span> <span class='ocrx_word' id='word_1_364' title='bbox 612 3603 657 3655; x_wconf 90' lang='lat' dir='ltr'>cui</span> <span class='ocrx_word' id='word_1_365' title='bbox 680 3601 756 3670; x_wconf 89' lang='lat' dir='ltr'>quod</span> <span class='ocrx_word' id='word_1_366' title='bbox 779 3600 844 3654; x_wconf 87' lang='lat' dir='ltr'>add.</span> <span class='ocrx_word' id='word_1_367' title='bbox 864 3601 964 3655; x_wconf 85' lang='lat' dir='ltr'>Medic.</span> <span class='ocrx_word' id='word_1_368' title='bbox 984 3606 1050 3654; x_wconf 90' lang='lat' dir='ltr'>m.1</span> <span class='ocrx_word' id='word_1_369' title='bbox 1071 3616 1155 3667; x_wconf 91' lang='lat' dir='ltr'>quam</span> 
     </span>
    </p>
   </div>
   <div class='ocr_carea' id='block_1_11' title="bbox 0 0 1273 3908">
    <p class='ocr_par' dir='ltr' id='par_1_12' title="bbox 0 0 1273 3908">
     <span class='ocr_line' id='line_1_41' title="bbox 0 0 1273 3908; baseline 0 0"><span class='ocrx_word' id='word_1_370' title='bbox 0 0 1273 3908; x_wconf 95' lang='lat' dir='ltr'> </span> 
     </span>
    </p>
   </div>
  </div>
 </body>
</html>
