2534 3908
305 155 382 211 Ceto.
419 155 480 210 Sex.
500 155 606 210 Aelius.
643 155 757 210 Fulvius
775 155 905 211 Nobilior
1072 158 1113 222 15

92 327 148 400 qui
170 325 248 384 liber
270 325 366 384 veluti
389 325 539 384 cunebule
560 325 635 384 iuris
658 327 798 384 continet.
835 326 989 401 tripertito
1012 327 1111 386 nutem

93 415 219 490 dicitur,
258 415 402 489 quoniam
437 415 504 492 lege
540 413 696 473 duodecim
732 415 905 474 tubulorum
941 418 1114 492 praeposite

90 504 230 581 iungitur
251 503 471 578 interpretatio,
494 502 600 563 deinde
624 503 793 563 subtexitur
814 505 890 581 legis
914 505 1001 564 ectio.
1071 529 1075 544 ·

161 585 304 651 forensem
328 601 385 638 non
401 587 611 655 promnete'cnm
633 587 882 654 interpretationem
904 587 990 653 senec
1009 586 1112 641 sonet

89 657 151 710 e'nrc
165 656 304 710 contendit
317 655 394 726 (Lep.
408 656 477 710 XII
487 658 542 711 tab.
556 657 614 710 rell.
632 655 710 724 nepe.
726 661 802 711 1866
814 674 845 726 p
859 659 917 724 22),
935 675 1111 726 quemqnam,

90 733 121 780 nt
129 728 305 866 mdedt'tmc
313 727 372 782 ellae
385 729 528 782 noninnm
542 729 729 782 obscuriorem
741 729 922 799 prommnteca
936 731 1112 800 enecettpatio

89 815 147 852 non
211 816 243 852 ne

390 942 426 1006 B.
449 943 510 1008 EX
533 942 806 1010 TRIPERTITIS

465 1059 566 1144 [Ine
595 1060 733 1144 Brenn]

160 1166 311 1231 ‘mulieres
335 1190 487 1250 genusne
510 1173 639 1232 redunto
666 1192 740 1232 neve
764 1174 874 1232 lessum
900 1172 1015 1232 funeris
1039 1192 1111 1252 ergo

88 1257 234 1320 hebento'
269 1261 325 1320 hoc
353 1265 467 1320 veteres
494 1263 672 1338 interpretes
712 1261 776 1322 Sex.
804 1262 909 1322 Aelius
937 1261 970 1320 L.
994 1262 1111 1322 Acilius

89 1369 151 1409 non
176 1351 251 1410 sctis
275 1369 306 1409 se
328 1350 498 1430 intelligere
521 1350 668 1426 dixerunt,
696 1352 748 1411 sed
770 1351 916 1429 suspicari
938 1350 1111 1411 vestimenti

90 1439 217 1515 aliquod
239 1458 333 1517 genus
357 1439 496 1499 funebris.

162 1521 219 1575 on.
238 1522 271 1574 de
288 1521 338 1591 lep.
356 1524 385 1587 2,
400 1525 435 1576 59
452 1535 557 1576 munerea
570 1554 605 1562 —
619 1536 727 1576 emerem

451 1712 496 1796 L.
528 1709 749 1797 uolutus

162 1859 179 1895 n
199 1841 353 1910 Pompone'o
367 1815 474 1911 (stipsi,
487 1845 515 1909 2,
528 1845 557 1909 2,
571 1845 618 1912 38)
638 1844 672 1896 Ρ.
687 1844 793 1897 Atilius
806 1843 851 1898 leto
863 1849 1050 1912 nnncnpntnr,
1064 1843 1111 1896 sed

91 1913 125 1979 cs.
148 1912 204 1966 Cic.
224 1913 301 1966 Lael.
322 1917 341 1967 6
358 1919 384 1968 et
401 1912 512 1980 menen,
531 1915 596 1968 e'be'd.
612 1919 706 1984 1225.

425 2036 474 2090 EX
492 2037 651 2093 INOERTO
670 2037 778 2092 LIBRO

436 2147 546 2232 [inp.
563 2156 606 2213 18
627 2148 765 2232 Bremer]

163 2251 219 2305 Oic.
243 2251 275 2305 de
298 2252 347 2322 lep.
366 2255 394 2316 2,
409 2256 499 2306 59=
518 2252 579 2308 Sec.
598 2253 697 2307 Aelius
714 2254 825 2308 Poetne
868 2253 903 2319 cf.
922 2253 1034 2366 Schoell,
1061 2253 1109 2322 lep.

91 2321 159 2376 XII
173 2323 228 2376 tob.
247 2323 304 2376 rell.
320 2340 351 2392 p
368 2326 392 2377 7.
407 2319 444 2378 25
462 2340 500 2392 eq.

292 2548 344 2633 M.
377 2546 608 2634 FULVIUS
640 2548 906 2634 NOBILIOR

366 2695 417 2733 coe.
437 2677 575 2750 565s189,
593 2696 686 2734 cernor
705 2679 834 2751 575s179

501 2803 549 2857 EX
574 2802 697 2858 FASTIS

589 2928 603 2977 1

159 3018 284 3074 nomine
320 3016 420 3075 decem
456 3017 606 3076 mensibus
644 3016 776 3092 antiquis
810 3018 970 3076 Romulum
1006 3016 1111 3076 fecisse

94 3105 220 3164 Fulvius
251 3108 282 3163 et
303 3104 407 3165 Iunius
436 3100 488 3184 [fr.
509 3095 543 3184 5]
572 3109 708 3165 auctores
731 3110 812 3179 sunt3
842 3107 1013 3182 etquidem
1037 3106 1110 3166 duos

93 3196 206 3270 primos
237 3213 256 3251 a
285 3195 458 3271 perentibus
488 3197 550 3255 suis
579 3197 760 3269 nominasse,
792 3196 937 3254 Martium
966 3214 985 3253 n
1013 3196 1110 3254 Mente

93 3286 187 3359 petre,
210 3283 348 3359 Aprilem
372 3283 408 3342 nb
427 3283 593 3361 Aphrodite
616 3284 647 3343 id
671 3288 717 3344 est
736 3283 859 3360 Venere,
881 3285 959 3344 unde
982 3286 1110 3344 maiores

91 3373 153 3432 eins
172 3373 295 3432 oriundi
314 3373 503 3450 dicebantnr3
526 3375 676 3450 proximos
696 3373 768 3432 duos
788 3394 806 3432 e
824 3375 944 3451 populo,
962 3374 1077 3432 Maium
1091 3392 1136 3442 ef,

93 3462 257 3522 maioribus
275 3464 359 3536 notu,
377 3462 497 3521 Iunium
512 3482 530 3520 e
544 3463 724 3538 iunioribus3
743 3466 854 3522 ceteros
872 3463 909 3522 eb
928 3461 1030 3520 ordine
1051 3480 1109 3536 qno

94 3551 206 3630 singuli
220 3553 316 3625 erant,
331 3549 495 3620 Quintilem
508 3571 602 3628 usque
612 3551 803 3611 Decembrem
816 3550 940 3627 perinde
953 3568 1110 3608 enumero.
