2442 3902
984 131 987 140 l

138 151 204 214 294
287 150 493 205 Grammaticos
513 151 615 204 aetatis
634 150 824 205 Varroniauae
843 151 984 222 fragment

137 311 269 364 extremis
287 312 482 376 terminantur,
501 310 645 365 vocalibus
663 312 789 380 quinque
807 328 825 365 a
843 328 858 366 e
877 312 888 364 i
907 330 923 366 o
942 330 962 366 u
976 344 1008 359 -.
1024 315 1053 366 et
1071 311 1144 365 semi-

137 381 282 435 vocalibus
301 399 348 435 sex
367 382 420 435 lm
435 400 452 435 n
467 400 481 435 r
495 401 508 436 s
522 401 539 435 x
557 415 599 446 -,
619 382 689 437 item
707 385 786 436 muta
804 400 862 437 una
880 385 893 436 t
911 387 943 438 ut
963 386 1054 453 caput.
1087 385 1145 436 eunt
1202 427 1203 436 ,

138 453 187 522 qui
206 454 314 508 addunt
334 472 348 508 ε
367 457 399 507 ut
417 453 470 519 lac,
509 456 565 508 uod
584 455 672 508 Varro
693 454 809 526 <lator>
829 455 942 525 [addidi
954 457 1012 516 coll.
1031 456 1068 521 fr.
1082 458 1146 519 242,-

138 524 316 578 doctissimus
335 528 404 580 coni.
425 526 490 580 Keil
526 526 594 579 artis
614 526 813 596 grammaticae
834 525 1008 580 exterminat.
1045 543 1100 582 esc.
1118 543 1147 578 ec

137 601 229 651 mmm.
253 598 284 648 in
308 597 411 651 Doceat.
437 597 529 653 001<
551 598 655 663 V326,
672 601 710 651 25
732 597 816 650 multi
839 597 970 651 dixerunt
996 598 1070 666 quod
1095 596 1147 650 laet

138 667 194 722 dici
213 667 340 734 deberet,
364 670 396 721 ut
415 669 490 737 apud
509 668 675 736 Varronem,
699 685 732 722 aa
755 669 865 723 ratione
888 669 955 738 quia
974 669 999 722 si
1013 668 1061 722 lae
1080 671 1146 722 esset

136 738 339 806 nominativus,
363 739 432 793 lacis
452 745 526 793 esset
544 739 702 809 genetivus,
725 742 757 794 ut
781 739 842 794 alec
861 739 966 810 slecis.v
992 741 1095 795 Anecd.
1113 740 1146 792 Η.

133 827 163 878 p.
180 815 242 876 120,
257 814 274 863 5
292 809 419 879 plerique
437 812 607 878 putaverunt
625 810 683 864 lact
701 810 758 865 dici
777 811 890 865 adiecta
908 814 928 865 t.
956 811 1058 866 Varro:
1079 827 1113 865 120
1126 842 1147 849 -
1203 809 1204 824 ³

136 897 188 938 lece
211 881 303 936 eadem
318 883 416 937 omisso
432 882 565 937 Varronis
583 884 692 937 nemim
711 883 828 937 tradant
847 885 936 952 Caper
949 885 1018 938 ovib.
1026 885 1146 951 ρ.95,13.

138 953 216 1006 Mar.
226 954 296 1008 Plot.
308 953 368 1007 Soc.
376 957 522 1022 p.471,23.
539 955 644 1009 Aaron.
663 956 945 1026 prammate'comastia
955 953 1146 1023 p.168,1541’.

139 1025 226 1078 Mart.
243 1024 309 1092 Cap.
325 1029 351 1090 3,
366 1028 428 1079 307.
448 1025 550 1080 Anscd.
571 1026 610 1079 H.
622 1041 651 1093 p.
667 1025 840 1080 LXXXVI.
868 1026 903 1092 cs.
919 1032 1064 1094 praeterea
1075 1025 1146 1079 Van.

137 1102 188 1150 eat.
211 1096 295 1149 2613.
347 1097 379 1151 de
405 1097 421 1150 l.
443 1096 475 1150 L.
501 1101 526 1161 5,
542 1100 594 1150 194
622 1097 714 1166 (Prot.
742 1098 813 1151 cath.
837 1115 867 1165 p.
893 1101 918 1162 7,
934 1101 958 1150 5.
988 1097 1090 1152 Anecd.
1114 1097 1146 1150 Η.

135 1183 163 1239 p.
180 1167 266 1232 XIX,
285 1167 318 1220 de
336 1169 435 1235 qnibne
453 1169 613 1222 testimoniis
631 1175 698 1222 reste
716 1167 852 1222 indicavit
866 1169 1023 1222 deanns
1036 1187 1066 1238 p.
1082 1169 1147 1234 110).

138 1238 218 1292 aliter
246 1238 354 1293 Gledon.
376 1257 406 1308 p.
426 1243 476 1304 48,
496 1243 534 1293 93
561 1238 619 1292 lact
642 1239 683 1291 ait
706 1239 794 1292 Varro
819 1256 875 1293 nou
903 1238 974 1306 dici3
1001 1255 1147 1307 numquam

138 1308 212 1363 enim
231 1325 333 1363 nomen
352 1327 385 1363 ex
404 1309 512 1362 duabus
536 1311 621 1362 mutis
640 1311 815 1364 terminatur.
852 1312 876 1364 is
899 1317 991 1365 tarnem
1006 1312 1147 1366 Varronem

137 1397 198 1434 cnm
219 1381 333 1435 Caesare
350 1382 483 1448 oonfndit.
512 1381 547 1447 cs.
564 1383 720 1436 Wibnanne
737 1383 803 1436 ibid.
836 1389 860 1436 et
880 1383 983 1437 Caesar
1000 1383 1037 1448 fr.
1053 1387 1093 1437 14.
1121 1380 1148 1434 ἀι

137 1469 166 1506 re
184 1453 266 1506 etiam
283 1453 423 1522 Wapenen
442 1453 479 1506 N.
492 1454 560 1521 phil.
577 1453 748 1506 Rnndecban
763 1457 836 1506 1899
855 1471 898 1506 nr.
914 1457 938 1506 4.

557 1605 626 1662 274
653 1597 745 1682 [47]·

205 1746 262 1786 non
292 1731 394 1786 carent
417 1730 589 1804 quaestione
617 1727 708 1787 etiam
730 1726 814 1804 plebs
838 1731 868 1786 et
890 1728 961 1787 urbs
985 1729 1015 1787 et
1038 1727 1148 1801 Pelope,

139 1825 216 1891 quae
240 1816 335 1876 Varro
363 1817 407 1875 ita
435 1817 608 1894 distinguit,
639 1819 674 1876 ut
702 1836 755 1893 per
777 1817 795 1875 b
819 1821 885 1876 ets
909 1836 944 1876 ea
967 1817 1147 1877 nominativo

139 1917 208 1963 'casu
231 1908 317 1981 putet
340 1925 402 1965 esse
426 1906 588 1986 scribenda,
613 1925 689 1981 quae
713 1907 836 1965 eandem
858 1907 993 1965 litteram
1016 1905 1148 1984 genetivo

138 1989 325 2072 (singulari)
348 1995 483 2069 reddant,
510 1998 546 2053 ut
572 1994 656 2071 plebs
679 1995 783 2073 plebis,
811 1995 882 2054 urbs
905 1995 998 2069 urbis»,
1026 2014 1061 2054 ea
1082 2012 1149 2052 vero

112 2101 192 2158 sper
208 2103 253 2158 ps,
276 2103 352 2159 quae
376 2085 515 2143 similiter
537 2085 675 2162 genetivo
695 2085 825 2144 eiusdem
850 2078 959 2162 [modi]
984 2084 1099 2142 numeri
1121 2085 1149 2140 in

138 2172 184 2247 pis
208 2176 373 2248 excurrant,
395 2177 431 2232 ut
452 2173 559 2248 Pelops
582 2173 710 2249 Pelopis.

212 2272 271 2326 Ter.
291 2272 386 2326 &aaa
405 2289 435 2340 p.
454 2276 533 2338 27‚3
560 2273 720 2340 quaesitum
743 2274 786 2326 est
812 2271 902 2326 hiems
926 2272 1021 2324 utrum
1047 2287 1096 2338 per
1119 2286 1149 2340 ps

139 2360 175 2396 an
198 2359 249 2412 per
270 2360 312 2396 ms
337 2344 452 2398 deberet
475 2342 572 2411 scribi,
596 2361 659 2397 cum
678 2342 785 2411 alioqui
804 2343 922 2397 dubium
940 2360 996 2396 non
1016 2342 1065 2406 sit,
1084 2341 1149 2410 quin

138 2430 188 2482 per
210 2431 252 2468 ms
276 2414 425 2469 scribenda
448 2415 498 2482 sit,
521 2415 655 2482 quoniam
678 2413 806 2485 genetivo
825 2413 927 2468 hiemis
949 2413 1019 2467 iacit
1038 2416 1066 2466 et
1083 2429 1149 2480 quo

138 2484 214 2538 niam
228 2501 310 2554 perp
325 2489 354 2540 et
368 2503 380 2538 s
395 2503 429 2540 ea
448 2485 607 2539 scribuntur
625 2486 718 2556 [-ban-
737 2485 836 2556 codd.],
855 2501 927 2553 quae
942 2485 1019 2554 apud
1033 2483 1149 2538 Graecos

139 2556 245 2629 <in>n
260 2557 400 2611 desinunt.
429 2557 501 2611 hauc
516 2559 611 2610 autem
622 2567 680 2611 'non
694 2557 756 2626 inp
772 2556 899 2611 desinere
914 2555 1096 2610 manifestum
1110 2557 1149 2608 est

139 2627 173 2681 ex
188 2645 228 2694 eo,
247 2630 322 2695 quod
337 2644 410 2696 quae
426 2627 477 2682 illa
494 2628 591 2682 littera
608 2629 804 2694 terminantur,
824 2630 874 2682 aut
892 2627 921 2681 in
937 2646 990 2689 noc
1008 2628 1040 2680 ut
1054 2625 1148 2694 Πέλοψ

137 2697 277 2766 Πέλοπος,
306 2704 356 2752 aut
381 2700 411 2752 iu
436 2701 485 2770 βος
513 2700 645 2753 desinunt
673 2699 714 2772 [in
742 2699 876 2758 hoe-nat
901 2693 991 2770 codd]
1019 2701 1052 2752 ut
1078 2696 1149 2766 φλέψ

140 2769 248 2841 φλεβός.
299 2771 388 2825 hiems
418 2774 513 2825 autem
540 2773 668 2824 neutram
695 2771 794 2824 harum
823 2770 995 2839 syllabarum
1023 2769 1149 2840 genetivo

139 2844 213 2913 [gen.
234 2858 283 2897 om.
303 2843 400 2913 Rern]
419 2842 529 2911 recipit.
566 2841 636 2896 item
658 2858 715 2895 non
738 2844 861 2908 constat,
888 2841 1036 2896 obscurum
1059 2845 1148 2894 utrum

137 2929 188 2982 per
211 2913 246 2967 ob
270 2930 307 2967 au
329 2930 378 2982 per
402 2931 437 2982 op
461 2913 564 2968 debeat
587 2913 685 2978 scribi,
713 2929 764 2968 nec
788 2914 881 2966 minus
904 2912 1022 2967 observo
1046 2912 1148 2974 obsido,

139 3001 202 3038 cum
220 2985 250 3038 in
268 2985 326 3038 illis
344 2985 363 3038 b
382 2984 478 3038 littera
497 2984 641 3039 evidenter
664 3002 762 3038 sonum
780 3001 862 3038 suum
885 2984 1019 3038 vindicet.
1055 3009 1102 3038 non
1114 3009 1149 3037 e·-

137 3075 188 3110 mne
200 3089 227 3096 —
241 3071 335 3119 Pelopis.
367 3058 416 3110 sed
434 3055 515 3110 nobis
534 3059 683 3123 utrumque
702 3073 752 3124 per
770 3073 803 3124 ps
820 3055 933 3110 videtur
951 3071 1012 3110 esse
1032 3055 1148 3109 seriben-

139 3128 214 3195 dum,
233 3129 366 3196 quoniam
385 3145 419 3182 ex
432 3127 476 3180 his
495 3138 518 3196 ψ
537 3127 634 3181 littera
649 3130 767 3194 constet,
785 3144 871 3195 quam
885 3127 1017 3197 genetivo
1032 3126 1148 3180 diximus

139 3202 189 3253 aut
215 3199 245 3252 in
273 3200 316 3254 bis
346 3207 395 3253 aut
421 3198 452 3251 in
479 3199 523 3268 pis
552 3199 634 3253 exire.
682 3200 829 3269 Papirian.
859 3215 904 3267 ap.
934 3199 1057 3254 Cassiod.
1086 3198 1147 3252 ortt.

135 3287 165 3338 p.
186 3275 247 3338 159,
261 3274 300 3326 22
322 3274 399 3338 traps
424 3271 459 3323 ab
483 3286 515 3324 eo
535 3272 610 3339 quod
634 3270 738 3324 dicitur
756 3270 846 3324 trabis
866 3271 895 3324 et
912 3286 980 3338 urps
998 3285 1050 3339 per
1068 3287 1088 3339 p
1106 3269 1149 3322 de·

138 3339 207 3394 bent
225 3341 318 3407 scribi,
336 3341 404 3395 licet
418 3342 506 3395 Varro
525 3358 575 3411 per
592 3342 610 3394 b
630 3341 808 3396 scribendum
827 3341 902 3412 [font.
921 3343 1050 3410 traps-
1064 3339 1148 3394 trabis

140 3413 169 3462 at
185 3412 348 3465 secludenda
366 3419 431 3465 snnt
449 3419 474 3466 et
492 3414 632 3482 legendnm
655 3412 751 3483 debet]
775 3415 865 3480 putet,
888 3413 965 3480 quod
988 3412 1018 3464 in
1037 3410 1148 3480 reliquis

139 3479 250 3532 casibus
268 3480 287 3532 b
306 3481 413 3534 habent
431 3481 522 3550 [eant
542 3484 659 3555 Carrio}
692 3484 727 3549 cf.
745 3485 803 3537 Ter.
819 3484 915 3538 Scanr.
930 3500 957 3550 p.
973 3488 1016 3549 14,
1027 3489 1052 3538 7.
1071 3488 1116 3548 91,
1125 3486 1147 3535 6.

146 3548 200 3600 Vel.
226 3549 313 3620 Lonq.
336 3567 365 3618 p.
391 3556 434 3615 61,
449 3557 474 3604 5,
501 3557 601 3618 73,12.
627 3556 724 3608 Cart:
752 3555 836 3608 ναῖεν.
863 3571 908 3622 ap.
936 3553 1059 3610 Gdseiod
1085 3553 1147 3610 ortl-
