2460 3900
174 162 238 226 108
355 163 562 218 Grammaticos
582 165 831 218 antevarronianae
850 163 1010 234 fragments

667 334 690 391 2

241 435 374 496 Cloatius
389 437 484 498 Verus
504 470 546 479 -
565 441 597 497 in
615 440 693 497 libro
713 443 820 515 quarto
840 433 1019 518 [uerborum
1036 459 1054 498 a
1070 439 1189 500 Graccis

172 520 342 586 tractorum'
372 528 410 600 fr.
437 522 470 608 1]
503 529 674 586 faenerator
702 530 802 604 inquit
833 529 1003 604 appellatus
1034 532 1079 589 est
1106 531 1189 606 quasi
1222 595 1223 600 η

174 615 360 696 φαινεράτωρ
388 613 447 676 ἀπὸ
475 625 528 676 τοῦ
552 617 717 693 φαίνεσθαι
748 615 795 676 ἐπὶ
825 616 857 677 τὸ
888 617 1090 697 χρηστότερον,
1121 637 1189 693 quo·

172 705 254 764 niam
273 705 304 763 id
328 725 421 783 genus
444 707 598 766 hominum
622 708 750 783 speciem
773 709 924 766 ostentent
946 708 1145 767 humanitatis
1164 709 1190 764 st

146 794 320 853 acommodi
348 813 410 854 esse
433 796 593 854 videantur
615 796 755 872 inopibus
782 815 919 855 nummos
948 796 1190 867 desiderantibus,

172 883 261 959 idque
294 883 401 944 dixisse
435 886 478 943 ait
510 884 710 961 Hypsicraten
747 886 918 961 quempiam
955 889 1189 964 grammaticum,

173 974 256 1032 cuius
286 973 356 1032 libri
383 992 454 1032 sano
482 973 597 1033 nobiles
628 978 699 1034 sunt
728 993 817 1050 super
843 974 899 1048 his,
932 995 1008 1051 quas
1032 993 1051 1033 a
1074 974 1189 1034 Graecis

175 1063 297 1139 accepta
320 1065 397 1121 sunt.

247 1161 315 1217 Geli.
330 1165 375 1227 16,
390 1165 434 1227 12,
449 1167 467 1217 5
480 1174 580 1216 closum
593 1177 666 1216 Verus
684 1163 731 1234 [fr.
742 1167 768 1216 2.
784 1166 808 1216 3.
819 1162 857 1234 4].
881 1163 1027 1217 commode
1041 1162 1113 1216 haec
1126 1175 1190 1214 sane

174 1233 268 1285 omnia
287 1235 316 1286 et
330 1233 525 1286 conducentes.
555 1233 604 1286 scd
617 1248 714 1288 nuum
729 1226 810 1296 quant
824 1265 857 1273 -
873 1251 965 1297 comps·
978 1252 1036 1288 suns.
1065 1235 1122 1288 sive
1142 1233 1191 1286 hoc

174 1306 270 1358 autem
292 1303 353 1372 ipsc
372 1303 497 1359 Cloatius
521 1304 578 1359 sive
592 1305 687 1358 nescio
706 1305 769 1372 quis
788 1304 861 1358 alius
880 1304 984 1358 nebulo
1003 1304 1134 1371 effutivit,
1153 1304 1189 1356 ni·

173 1374 215 1429 hil
233 1377 328 1444 potest
346 1374 403 1429 dici
417 1375 559 1429 insulsius.
576 1408 609 1416 -
624 1375 661 1430 M.
677 1375 765 1430 Varro
784 1376 829 1447 [de
847 1393 925 1431 serm.
940 1377 1005 1431 Lat.
1020 1378 1078 1431 111
1087 1378 1123 1443 fr.
1139 1375 1190 1444 36].

173 1449 229 1501 sice
242 1448 308 1502 laec
319 1448 424 1502 Gellius
438 1449 544 1516 abipso
555 1447 661 1503 Cloatio
675 1450 792 1516 sumpsit
806 1449 963 1515 (Merclrliu,
973 1449 1070 1503 Flsclr.
1081 1447 1189 1502 Jatrol.

173 1519 312 1644 ram
334 1522 455 1659 sacis
466 1518 884 1660 fu„
899 1520 1191 1659 rrae-asur

180 1661 302 1715 Varroue
316 1662 435 1730 possim
453 1663 561 1716 uidetur
578 1679 662 1730 raeque
682 1663 770 1717 Varro
786 1679 799 1715 s
815 1661 937 1728 Cloatio;
954 1663 1028 1731 quood
1045 1663 1072 1716 si
1089 1664 1130 1716 itu
1148 1665 1190 1724 est,

175 1733 342 1802 Hypsicrati
359 1734 529 1788 uindicando
544 1734 626 1787 etiam
639 1739 705 1788 suut
721 1751 791 1802 quos
809 1741 920 1801 uterque
938 1735 1094 1788 commuuio
1108 1733 1190 1794 taber,

175 1804 208 1857 ae
231 1805 247 1857 l.
264 1805 297 1858 n.
318 1808 344 1869 s,
359 1808 413 1858 102
438 1831 472 1849 =
500 1805 585 1859 coar.
608 1805 645 1870 fr.
661 1809 678 1858 5
683 1825 694 1871 ‚·
726 1806 758 1859 aa
785 1805 800 1858 z.
826 1806 889 1859 Las.
911 1809 938 1871 o,
952 1809 988 1859 se
1013 1807 1077 1874 (aaa
1100 1807 1190 1859 susm.

175 1875 236 1929 libr.
253 1877 305 1943 14.)
321 1901 354 1920 =
371 1875 456 1930 Cloot.
476 1876 511 1942 fr.
527 1880 552 1929 3.

247 1952 262 1998 2
282 1946 363 2013 quasi
382 1964 432 2001 om.
452 1949 544 2001 Poris.
574 1946 647 2000 Voss.
668 1946 733 2000 Lot.
752 1947 783 2002 F
797 1951 813 2000 7
899 1953 916 1998 4
935 1946 1079 2000 hominem
1102 1947 1191 2001 Paris.

175 2035 210 2072 m.
226 2021 241 2070 1
267 2018 340 2072 Voss.
361 2019 431 2073 idem

614 2159 758 2214 DUBIUM

673 2278 693 2334 3

243 2380 442 2457 Hippocrates
465 2381 597 2440 medicus
616 2381 652 2441 de
675 2384 794 2441 nomine
817 2384 982 2442 inventoris
1003 2382 1036 2440 id
1059 2372 1189 2461 [ouruur]
1220 2347 1221 2390 3

177 2471 289 2529 dietum
313 2473 410 2546 putat,
435 2489 522 2545 quem
546 2473 711 2531 vocitatum
734 2475 778 2530 ait
800 2472 924 2531 Aurion.

248 2570 331 2624 Paul.
350 2569 424 2624 cht
439 2587 469 2638 p.
486 2574 513 2635 8,
528 2575 563 2624 14
586 2588 684 2624 arnum
708 2569 815 2624 dictum
839 2570 907 2638 quia
929 2569 1082 2639 praecipue
1104 2571 1190 2623 custo·

177 2640 386 2710 ditur;.grasce
404 2641 480 2694 onim
499 2641 582 2708 ὠρεῑν
601 2641 741 2696 custodire
760 2642 873 2709 dicitur,
891 2643 966 2695 unda
983 2645 1011 2695 at
1025 2640 1188 2695 thesaurum

177 2726 326 2775 Hippocrates
340 2743 373 2751 -
388 2724 482 2766 Annon.

250 2789 263 2835 1
284 2782 467 2850 Hypsicratea
482 2800 536 2852 pro
554 2783 686 2853 Hippocr.
706 2802 753 2839 em.
774 2785 844 2839 Scul.
870 2785 929 2839 Urs.

491 3043 535 3147 Q.
571 3043 884 3131 COSCONIUS

250 3217 273 3265 1.
294 3212 362 3281 quim
383 3211 413 3281 Q.
430 3211 577 3267 Cosconius
598 3212 671 3266 citos
702 3212 820 3266 Terentii
842 3213 913 3266 idem
935 3214 972 3266 sit
999 3229 1033 3267 cc
1052 3213 1188 3268 Cosconius

184 3284 319 3337 Varronis
336 3283 369 3336 ds
388 3283 404 3336 i.
424 3284 473 3349 Β,
497 3283 622 3337 dubitari
639 3299 696 3336 uou
712 3289 813 3352 potsst3
837 3301 903 3337 uam
926 3285 985 3338 mus
1007 3286 1136 3338 merueris
1157 3277 1187 3335 od

178 3354 292 3407 eundem
306 3359 442 3408 auctorem
457 3354 607 3408 Varronem
625 3355 697 3408 redit
714 3354 758 3422 (cf.
774 3355 812 3409 od
825 3355 898 3409 huuc
910 3355 947 3420 fr.
963 3357 1035 3426 301).
1074 3357 1187 3427 r'sipim
1217 3367 1218 3422 i

180 3424 217 3478 orl
239 3429 353 3478 emaum
377 3427 639 3479 oumoorrouioucm
657 3428 784 3494 pertimet.
817 3427 941 3481 uuicmse
964 3426 999 3492 cf.
1018 3427 1141 3492 Norden,
1161 3423 1187 3476 de

179 3495 239 3550 Stil.
253 3494 361 3550 Coscou.
377 3494 457 3550 Vorr.
471 3513 585 3565 promas.
599 3499 786 3552 commentatio
801 3497 1092 3569 (Greifswold1895);
1107 3498 1186 3558 curt,

180 3565 374 3636 Pauly-tum
394 3567 457 3621 RE
470 3571 495 3632 4,
515 3567 650 3638 1669s11.
