2534 3908
512 177 540 233 C.
560 177 684 232 Lucilius
1065 177 1109 241 45

158 341 245 395 Vara.
259 341 293 395 de
307 341 325 394 l.
341 341 375 395 L.
391 344 417 406 7,
432 344 469 394 96
488 339 517 392 in
536 338 663 407 pluribus
678 337 769 393 verbis
785 354 802 391 a
816 339 883 392 ante
897 353 912 390 e
927 337 978 391 elii
991 339 1109 407 ponunt,

77 411 130 465 alii
150 429 222 478 non,
241 414 275 464 ut
294 411 369 479 quod
387 410 492 480 partim
511 410 609 463 dicunt
623 410 804 482 <sampirum
817 408 944 482 partim>
959 411 1109 477 sceptrum,

78 517 131 571 ein
155 517 258 572 Pinea
282 517 508 573 neeneeeieieem
532 494 606 588 [fte-
622 517 717 642 neeri]
737 516 787 571 eia
806 515 1013 572 Feneratricem
1057 534 1109 570 ee-

77 591 183 644 Flere
204 607 253 644 ein.
269 590 398 712 Lacaena),
423 589 463 643 sic
482 587 629 643 faenisicia
645 604 679 643 ac
710 588 826 642 enisicia
846 587 936 659 [foen-
950 588 1031 642 Flor.
1050 631 1057 656 ,
1077 604 1110 641 ac

76 660 185 715 rustici
210 678 337 731 pappum
386 660 475 715 esium
493 677 550 714 non
568 659 705 714 Maesium
725 661 829 731 [maes-
849 667 875 713 et
892 675 985 712 moes·
1000 659 1110 730 Flor.];

78 748 96 786 a
116 750 177 800 quo
197 732 323 786 Lucilius
342 731 452 785 scribit:
473 744 521 786 oea.
536 763 570 770 —
584 746 630 784 nec.
658 732 751 786 Dion.
763 749 792 800 p.
808 734 870 794 452,
886 736 921 784 15
936 730 1111 785 detractione

78 804 224 872 temporis
246 803 360 858 litterae
384 802 510 871 syllabae
529 803 741 872 adspirationis:
766 802 946 869 -litterae,
969 803 1002 855 ut
1020 802 1044 855 si
1064 801 1110 855 de-

79 877 182 930 tracta
202 890 220 927 a
238 875 337 929 littera
354 877 450 942 pretor
463 874 599 941 dicamus,
617 876 650 927 ut
663 873 787 927 Lucilius
803 873 904 945 [lucina
918 873 1021 1000 cartag:
1036 891 1111 936 precor

79 979 115 986 —
131 962 191 1012 sea,
216 963 280 1000 cum
304 945 406 1000 debeat
430 962 463 1000 ae
485 945 662 1014 pronuntiari
684 949 805 1015 praetor.
838 946 877 1000 ad
895 947 912 999 i.
927 945 977 999 IX
1010 946 1113 1000 clnnidt

79 1019 194 1086 aliique
221 1019 393 1083 rettulerunt,
421 1017 459 1070 ad
483 1018 510 1071 V
533 1017 709 1072 verisimilius
733 1019 837 1083 Maron
865 1017 960 1087 ayitnr
984 1017 1056 1071 enim
1079 1017 1112 1070 de

79 1091 195 1145 natica
211 1090 453 1158 circumlatione,
473 1105 530 1142 non
549 1089 581 1143 de
598 1090 751 1157 naccinae,
769 1095 803 1144 nt
819 1088 851 1142 in
869 1090 905 1155 fr.
921 1091 957 1142 35
977 1089 1023 1154 (cf.
1039 1088 1112 1153 Sitti,

80 1161 128 1215 dic
148 1162 204 1216 loli.
226 1161 331 1216 Veraci.
350 1161 377 1213 d.
398 1161 462 1214 Lat.
481 1159 543 1228 Spe.
560 1177 589 1229 p.
605 1164 689 1228 aaa).
722 1161 757 1226 cf.
779 1159 846 1215 Octo
865 1167 922 1214 teat.
941 1164 1004 1228 21).
1021 1164 1064 1213 10.

159 1252 258 1319 pretor
276 1266 327 1304 om.
344 1249 479 1304 Varronis
491 1249 549 1303 cad.
614 1249 666 1303 fias
681 1250 825 1304 Diocwdis
839 1249 931 1303 Panis.
943 1253 1023 1303 7494.
1040 1251 1112 1302 7493

510 1382 553 1440 35
577 1375 693 1460 [1322]

154 1496 243 1551 taceo
277 1489 313 1549 de
341 1490 444 1548 Tuscis
477 1491 507 1547 et
537 1487 657 1548 Sabinis
687 1493 717 1546 et
746 1489 948 1548 Praenestinis
981 1506 1112 1564 quoque3

88 1601 161 1640 nam
176 1583 331 1639 uteorum
345 1597 479 1637 sermone
494 1581 628 1636 utentem
642 1577 777 1637 Vettium
792 1577 925 1638 Lucilius
941 1579 1111 1636 insectatur.

163 1670 261 1740 Quint.
277 1674 303 1734 1,
315 1673 341 1734 5,
352 1674 388 1722 56
406 1685 469 1722 neec
485 1699 517 1706 —
532 1681 662 1733 mactetur,
684 1685 767 1735 quem
782 1667 819 1720 ad
833 1666 948 1721 modum
961 1665 1052 1720 Pollio
1071 1684 1113 1720 re-

88 1740 243 1810 prehendit
266 1740 295 1792 in
318 1738 396 1794 Livio
414 1738 643 1792 Patavinitatcm.
676 1739 769 1794 eaden
787 1740 964 1793 Praenestini
982 1740 1114 1793 sernaonis

88 1814 184 1868 inicio
199 1811 279 1881 apnd
293 1813 426 1866 Plantnm
445 1811 536 1879 (Prin.
552 1815 614 1864 609.
647 1809 981 1877 Tenc.691e'f.Ritecli1,
1003 1810 1112 1880 Parere.

84 1901 116 1953 Ρ.
134 1887 211 1952 196).
263 1883 389 1938 similiter
420 1883 508 1936 Titin.
537 1898 560 1935 c.
583 1886 636 1936 104
651 1881 748 1937 Ribb.³
776 1882 825 1949 qui
853 1880 937 1935 obsce
965 1885 994 1935 et
1021 1880 1113 1935 volsce

89 1955 266 2021 fabulantur,
280 1969 347 2007 nam
360 1953 449 2008 latine
464 1953 601 2006 nesciunt.
630 1955 775 2022 anominna
789 1960 880 2007 annin
892 1952 998 2008 Vettine
1008 1953 1114 2006 [cecilii

90 2028 245 2093 famaliaris
263 2027 308 2090 sit,
333 2026 407 2079 nihil
424 2027 525 2080 obstat:
551 2025 642 2079 eadem
661 2032 729 2080 certe
748 2026 890 2080 insectatio
909 2026 940 2078 in
960 2025 1114 2092 Scipionem

90 2101 212 2154 animm
231 2097 267 2150 ab
286 2113 316 2151 eo
334 2098 411 2163 facta
429 2103 469 2151 eat
486 2097 531 2166 (cf.
549 2097 586 2162 fr.
601 2099 655 2165 33).

161 2194 178 2240 2
200 2185 348 2239 vetticium
367 2187 466 2241 Bamb.
481 2202 515 2238 ni.
529 2189 549 2238 2
563 2186 687 2240 Ambrae.

158 2413 359 2492 ‘conspicitur
393 2411 464 2474 sus'
509 2415 653 2476 Horatius
686 2410 742 2496 [ep
765 2420 793 2485 1,
808 2419 838 2492 2,
853 2411 910 2495 26]
945 2411 987 2474 ‘et
1019 2418 1115 2478 amica

90 2509 157 2568 luto
183 2501 259 2566 sus'.
305 2503 456 2564 sciendum
483 2507 583 2564 tamen
611 2506 667 2565 hoc
694 2524 756 2566 ease
783 2507 936 2584 vitiosum,
966 2506 1114 2582 monosyi

91 2597 160 2656 labo
194 2595 277 2653 finin‘
306 2611 438 2669 versum,
470 2593 528 2653 nisi
557 2594 634 2653 forte
664 2595 730 2670 ipso
760 2594 967 2671 monosyllabo
998 2596 1116 2653 minora

92 2685 282 2762 explicentur
296 2683 448 2756 animalia,
467 2686 502 2741 nt
520 2676 607 2761 [Hor.
623 2681 686 2741 ΑΡ
698 2678 776 2762 139]
797 2679 977 2761 ‘parturient
991 2686 1114 2759 montes,
1202 2733 1206 2740 .

93 2777 237 2834 nascetur
265 2771 408 2831 ridiculus
435 2767 529 2845 mus'3
561 2775 707 2850 gratiores
735 2774 814 2832 enim
837 2791 939 2833 versus
967 2774 1018 2831 isti
1046 2775 1142 2835 sunta

92 2862 258 2923 secundnm
281 2861 437 2919 Lucilium.

165 2945 242 3000 Serv.
257 2943 327 2997 Aen.
343 2947 368 3007 9,
381 2946 417 2996 83
435 2956 572 3004 conspicitur
588 2975 619 2981 -
633 2956 752 2998 Lucilium.

165 3034 200 3087 de
218 3036 360 3086 struetnna
377 3047 469 3086 verene
487 3031 634 3087 aniliani
650 3033 685 3098 cf.
705 3035 787 3086 etiam
807 3034 884 3087 Mar.
909 3033 977 3087 Vict.
995 3050 1022 3102 p.
1036 3035 1084 3097 28,
1099 3036 1116 3085 3

95 3106 136 3172 (de
154 3110 283 3172 correpta
301 3104 389 3157 vocali
407 3104 465 3157 ine
483 3104 618 3158 deonanti
635 3112 661 3158 et
676 3105 711 3158 ab
730 3106 790 3158 alia
808 3110 973 3159 wnsonacite
987 3106 1114 3173 eccepto).

514 3239 557 3294 37
581 3229 697 3315 [1160]

162 3361 249 3421 ergo
273 3345 481 3418 praetorum
505 3345 559 3403 est
582 3346 665 3402 ante
689 3347 724 3402 et
746 3347 897 3419 praeire.

173 3442 264 3496 Varro
282 3441 315 3496 de
334 3441 351 3495 1.
371 3443 405 3496 L.
426 3445 457 3508 5,
474 3446 512 3495 80
534 3443 647 3510 praetor
672 3441 763 3495 dictus
787 3442 836 3510 qui
859 3443 982 3511 praeiret
1005 3443 1065 3496 iure
1088 3445 1117 3496 e't

101 3511 230 3567 exordia.
258 3528 276 3565 a
285 3527 340 3580 quo
352 3511 383 3565 id
393 3511 528 3566 Lucilius:
544 3538 596 3578 ergo
606 3545 640 3553 -
651 3527 743 3576 praeire.
771 3514 824 3568 Cic.
836 3514 869 3568 ae
879 3516 926 3583 tec.
938 3517 993 3580 3,8
1008 3531 1025 3566 a
1036 3530 1117 3581 prae-

101 3585 172 3638 undo
188 3615 223 3624 —
238 3586 390 3653 praetores.
415 3585 497 3639 aliter
510 3585 578 3640 Iaid.
595 3602 633 3640 or.
649 3589 675 3653 9,
686 3588 712 3650 3,
721 3587 766 3640 27.
781 3590 862 3651 4,16.
882 3586 917 3650 cf.
932 3586 1018 3639 Varro
1029 3584 1115 3649 infra.
