2504 3904
155 124 220 188 566
320 124 527 180 Grammaticae
546 125 650 178 aetatis
668 125 830 194 Augusteae
849 125 1008 195 fragmenta

227 286 299 340 Feti-
319 303 350 354 1).
369 289 451 352 238⁶,
467 291 502 340 17
527 300 668 349 propudium
681 311 702 347 p.
717 300 737 338 d.
753 303 796 350 eet,
822 287 855 338 ub
881 285 923 339 ait
944 285 1040 355 Capito
1062 284 1151 348 dicim,

154 370 194 418 qu
208 387 235 395 -
249 374 287 410 ue.
314 358 420 412 &media
437 363 504 411 nont
521 358 601 426 apud
616 357 737 411 Gellium
750 362 776 423 4,
791 362 808 411 6
827 358 860 410 de
874 359 970 425 porcis
982 357 1152 426 praecideret

155 434 179 482 et
192 428 373 495 succidaneis,
386 429 437 482 ubi
449 436 566 483 extrem
579 432 612 482 iu
625 431 715 498 eapite
723 430 837 497 patiere
851 430 920 482 leber
931 431 1018 497 eperia
1026 429 1067 482 De
1075 429 1151 496 porc·

154 498 217 564 ficio
235 500 295 554 iure
314 501 392 554 Ateii
408 501 581 568 appelbztur·;
604 502 697 568 itaque
715 500 780 554 inde
798 507 824 554 et
843 505 931 554 totum
951 500 1033 553 Gellii
1048 505 1153 568 caputet

153 571 190 636 fr.
202 574 226 624 7.
241 575 260 624 8
273 577 398 640 eeweepta
407 587 461 624 eece
475 571 604 625 videntur
617 573 662 639 (ef.
675 571 869 637 Kreteecbmer‚
883 573 917 625 de
928 571 996 625 Geli
1005 573 1070 638 feru.
1075 588 1104 639 p.
1111 571 1151 636 67)

227 685 383 755 lpropudi
401 685 442 739 ait
460 687 517 741 eod.
540 685 734 754 propudianus
752 703 794 756 cp.
814 703 863 739 em.
884 686 1072 751 Reitzenstein,
1095 685 1153 738 Vm

155 757 267 812 Foreeb
282 775 312 826 p.
331 761 369 812 29
458 757 508 824 qni
528 756 570 828 in]
590 757 659 825 quin
749 755 963 826 iplamentum

600 926 650 983 *9
675 917 722 1006 [e]

156 1135 175 1194 d
222 1048 345 1124 pulcher
362 1049 416 1109 bos
435 1049 608 1126 appellatur
627 1050 666 1108 ad
686 1050 827 1108 eximiam
849 1050 1087 1127 pinguitudinem
1103 1067 1155 1124 per·

176 1140 270 1198 uctus.

227 1237 300 1291 Fert.
315 1254 346 1306 p.
361 1240 417 1291 238
423 1241 443 1303 ὁ,
458 1242 494 1292 16
511 1252 605 1300 pulcher
617 1269 644 1277 -
657 1251 782 1299 perductur.
816 1237 849 1291 de
867 1238 949 1292 Ateio
968 1243 1074 1291 audere
1090 1236 1158 1289 dcti-

156 1309 213 1361 tara'
229 1308 279 1362 cic
291 1314 396 1376 potem
413 1310 449 1375 cf.
469 1310 653 1363 Reitzenstein
666 1327 698 1377 p.
712 1311 757 1363 29.

534 1480 575 1536 10
599 1470 738 1556 [Ceciect
758 1470 793 1555 3]

225 1596 328 1658 Gallus
348 1599 452 1659 Aelius
475 1601 495 1658 l.
514 1601 546 1659 Π
570 1601 823 1680 significationum
846 1602 1014 1675 verborum,
1037 1619 1108 1677 quae
1128 1598 1162 1657 ad

157 1687 205 1746 ius
228 1689 388 1764 pertinent,
411 1691 523 1747 ait-
547 1684 599 1768 [fr.
622 1684 664 1768 5].
706 1694 738 1749 at
763 1689 869 1766 Capito
888 1690 996 1750 Ateius
1018 1692 1049 1748 in
1070 1688 1162 1748 eadem

158 1776 278 1853 quidem
297 1780 436 1855 opinione
451 1782 505 1852 est,
525 1779 577 1838 sed
596 1779 731 1855 exemplo
746 1779 870 1838 adiuvat
888 1781 1162 1856 interpretationem.

158 1867 293 1926 cumin
316 1867 472 1927 secunde
500 1868 627 1927 tabula
656 1869 811 1928 secunda
838 1869 917 1946 lege
940 1869 1039 1944 iuquit
1060 1868 1162 1942 scrip·
1235 1877 1236 1921 t

136 1957 232 2014 ctum
261 1959 316 2016 est
348 1951 393 2035 [2,
412 1951 492 2035 28]
527 1953 631 2033 ‘quid
661 1958 788 2016 horum
817 1958 891 2016 fuit
923 1977 1030 2016 unum
1058 1955 1163 2014 iudici

159 2044 345 2106 arbitrove
363 2064 483 2119 reove,
507 2064 546 2105 eo
566 2046 642 2105 dies
662 2045 842 2105 diffensus
861 2041 965 2120 esto',
988 2049 1060 2104 tum
1077 2050 1163 2104 uter·

160 2153 225 2209 que
250 2136 351 2214 actor
377 2152 530 2211 reusque
558 2136 596 2193 in
623 2135 761 2194 iudicio
788 2135 842 2194 rei
869 2139 1046 2194 vocantur
1069 2135 1162 2192 item·

159 2242 226 2298 que
250 2229 439 2283 accusator
457 2224 498 2283 de
517 2225 577 2284 via
596 2225 808 2284 citur'more
827 2227 948 2284 vetere
972 2227 1007 2282 et
1029 2241 1163 2283 consue·

158 2312 283 2372 tudine
306 2315 467 2388 antiqua.

230 2412 303 2466 Μ.
318 2429 351 2480 1).
367 2415 453 2478 273⁰,
468 2416 503 2467 13
521 2429 638 2467 10118-
659 2425 737 2466 Gallim
750 2424 868 2466 Aeliae-
881 2425 980 2475 antiqua.

232 2525 462 2596 accpitonactus
535 2534 630 2582 tcum
643 2530 742 2596 scripsi
759 2527 852 2580 Numa
865 2529 923 2582 cod.
942 2543 1009 2580 nam
1022 2545 1062 2597 cp.
1129 2525 1165 2577 in·

160 2597 222 2666 quit
237 2599 403 2653 Hcecbtez'
395 2616 424 2652 m
439 2615 496 2667 qua
569 2599 645 2652 dsei
660 2599 771 2666 quidh.
787 2598 849 2651 fuat
867 2599 1008 2653 Turnebus
1079 2595 1164 2651 tdiee

163 2670 317 2724 Turnebus:
342 2669 387 2722 die
459 2672 521 2724 tum
538 2673 649 2739 ecripec':
672 2687 747 2723 nunc
820 2673 986 2724 rectorum
1008 2668 1121 2736 reiquae
1140 2666 1164 2718 iu
1233 2685 1234 2735 1

160 2740 265 2795 iudicio
284 2757 329 2795 me
347 2743 462 2794 vocatur
484 2743 541 2797 cod.
567 2745 645 2796 actor
667 2756 786 2808 reusque
800 2742 996 2824 (Augustinus
1014 2739 1085 2794 Scae.
1105 2737 1164 2794 cet

161 2811 191 2865 in
210 2811 267 2866 iud
286 2813 328 2868 rei
350 2815 487 2866 vocentur
507 2812 612 2868 OMce.
687 2817 703 2865 8
727 2812 806 2866 de
781 2831 808 2865 v1
827 2812 935 2866 accitur
952 2811 1010 2893 cod.
1033 2812 1069 2864 de
1087 2811 1163 2864 viae.

165 2883 307 2938 Turnebus
325 2883 395 2938 Sccl.
421 2884 480 2938 Ure.
553 2901 627 2938 nunc
646 2887 763 2951 uterque
782 2886 860 2937 actor
878 2886 906 2936 et
925 2883 973 2952 qui
992 2882 1022 2934 in
1040 2880 1164 2936 iudicium

161 2957 277 3008 vocatur
294 2954 419 3022 itemque
438 2959 585 3017 accusator
602 2972 666 3009 reue
684 2955 788 3008 dicitur
807 2956 960 3009 Mommsen

474 3128 514 3182 11
540 3118 600 3202 [De
622 3127 687 3183 iwre
709 3125 808 3196 sacrif.
829 3116 863 3201 3]

229 3246 339 3303 rutilae
362 3265 448 3306 cenes
472 3247 504 3306 id
528 3250 573 3306 est
596 3267 655 3307 non
678 3249 782 3324 procul
805 3268 823 3308 a
844 3247 932 3307 rubro
954 3249 1051 3308 colore
1074 3250 1163 3306 inne
1231 3251 1232 3286 ¹

164 3331 274 3403 lentur,
293 3336 329 3391 ut
347 3337 391 3392 eit
406 3334 513 3395 Ateius
529 3334 646 3412 capito,
666 3339 786 3396 canario
805 3336 950 3397 sacrificio
969 3357 1023 3414 pro
1041 3335 1162 3415 frugibus

164 3417 363 3490 deprecandae
387 3425 530 3482 saevitiae
554 3443 644 3484 causa
666 3425 771 3485 sideris
795 3426 954 3486 caniculae.

234 3514 306 3568 Fedt.
321 3533 351 3583 1).
370 3521 452 3585 285⁰,
471 3524 505 3574 31
524 3536 604 3575 rutilae
618 3554 644 3562 -
658 3539 780 3578 caniculae.
