2460 3900
164 201 227 265 110
346 169 552 255 Grnmmnticee
571 201 821 254 nntevnrronienee
839 200 1000 271 fragmento

239 363 327 416 Varro
346 363 378 416 de
397 363 413 417 l.
434 363 468 416 L.
489 366 515 428 6,
531 366 567 416 36
585 387 636 415 oum
651 377 770 416 verborum
785 393 818 401 —
833 377 950 423 permulta.
979 379 1066 428 quare
1080 361 1104 415 ei
1118 362 1175 428 quis
1224 371 1225 404 i

161 433 392 503 primigeniorum
410 433 557 487 verborum
576 432 698 502 origines
718 433 883 498 ostenderit,
908 433 932 486 ei
955 449 989 486 eo
1011 432 1090 486 mille
1109 435 1175 497 sunt,
1224 481 1225 492 2

162 505 347 574 quingentum
365 504 476 557 milium
495 503 667 573 simplicium
685 503 832 558 verborum
849 520 948 558 causas
963 505 1105 572 aperuerit
1117 522 1174 557 uns.

235 584 470 639 ldecliuntivum
485 585 561 639 Nor.
640 583 749 654 tlege]
764 583 827 654 lego
842 585 872 638 F
947 584 1114 638 iudmitte:
1133 601 1174 638 cm.

167 658 304 712 Victorius
376 656 490 726 tquic]
510 657 585 724 quod
605 673 622 708 n
640 657 709 710 coni.
729 656 877 726 asperque
957 661 989 708 10
1007 655 1175 724 primigenii:

161 746 209 783 cm.
220 745 262 798 oq.
318 733 350 780 12
366 727 473 799 aliquo]
485 726 540 781 elio
551 729 727 798 Aaoustinus
735 727 799 794 fort.
809 733 878 782 recte
933 733 966 779 14
980 727 1011 779 iu
1020 726 1178 780 indidemF

659 863 679 918 3

229 967 262 1036 Q.
283 966 444 1027 Cosconius
467 967 639 1026 redeuntem
663 987 678 1025 e
703 966 827 1025 Graecia
851 960 1046 1046 [Terentium]
1070 967 1176 1042 perisse

162 1059 194 1115 in
208 1059 285 1128 mari
305 1057 378 1115 dicit
392 1075 458 1115 cum
479 1051 515 1135 [C
531 1060 561 1115 et
575 1051 664 1136 Vm]
674 1056 794 1125 ,fabulis
813 1059 961 1116 conversis
979 1055 1176 1114 nMennndro.

233 1147 306 1202 Suu.
323 1149 370 1201 vit.
389 1147 447 1200 Ter.
463 1173 497 1192 =
517 1147 605 1201 Varro
619 1148 654 1215 fr.
666 1151 720 1200 301
739 1145 774 1198 de
790 1147 880 1199 morte
899 1145 958 1198 eius
972 1143 1124 1199 Volcacius
1142 1145 1177 1198 sic

162 1218 251 1272 tradit
270 1219 316 1289 [fr.
333 1218 370 1288 3].
404 1231 612 1280 neomenias-
626 1231 757 1271 Menandro.
785 1217 819 1284 Cf.
835 1218 873 1271 ad
897 1218 976 1271 Vari.
993 1218 1009 1271 l.
1024 1233 1046 1270 0.

662 1353 681 1408 4

230 1478 247 1516 a
262 1459 461 1536 gubernatore
475 1457 594 1516 Aeneae
614 1457 799 1533 appellatum
813 1456 997 1535 Palinurum,
1018 1473 1036 1513 a
1050 1455 1177 1514 tubicine

162 1548 319 1622 Misenum,
339 1547 547 1606 aconsobrine
561 1545 736 1605 Leucosinm
755 1545 885 1604 insulem
903 1547 982 1603 inter
996 1564 1098 1604 omnes
1117 1565 1178 1622 per·

163 1633 263 1712 spicue
293 1637 444 1710 convenit,
476 1635 631 1694 enutrice
655 1633 804 1712 Caietam,
833 1633 869 1692 nb
897 1653 988 1693 uxore
1011 1633 1177 1707 Lavinium,

163 1727 244 1801 quod
256 1729 326 1802 post
340 1726 447 1784 Troiae
462 1725 617 1798 excidium,
634 1726 723 1784 sicuti
738 1722 898 1782 Cosconius
913 1723 1060 1799 perhibet,
1074 1728 1177 1800 quarto

164 1833 241 1874 enno
266 1817 435 1873 extructum
459 1816 511 1873 est.

235 1897 320 1952 Solin.
336 1896 434 1950 collect.
449 1899 522 1961 2,13
541 1909 713 1958 agubemntore
722 1925 749 1932 -
759 1910 886 1948 extructum
896 1911 935 1948 eut.
963 1910 1013 1948 cur
1028 1893 1177 1948 Mornmsen

163 1969 264 2038 (praef.
280 1968 317 2022 ud
331 1966 417 2023 Soiin.
433 1984 462 2034 p.
479 1965 576 2034 XIII)
595 1966 668 2019 bunc
683 1965 843 2020 Cosconium
857 1983 876 2018 a
889 1967 1029 2034 superiore
1045 1965 1178 2020 diuersum

162 2040 296 2094 eocietimct
313 2055 370 2093 non
387 2039 465 2093 uideo
483 2039 529 2108 (cs.
549 2037 664 2092 Norden
683 2039 699 2092 i.
714 2054 736 2091 c.
751 2054 781 2106 p.
804 2036 901 2106 VIII).

538 2295 805 2384 SABIDIUS

234 2459 303 2526 quin
319 2457 451 2511 Sabidius
464 2455 585 2525 quidum,
605 2456 677 2524 quod
690 2471 788 2509 nomen
802 2455 1021 2526 ualentissimum
1034 2453 1113 2523 apud
1127 2454 1178 2508 Ro·

163 2545 259 2584 uranos
282 2535 319 2583 est
345 2528 474 2597 (ceruice,
500 2528 842 2598 1.ut.Ei9enn.p.222),
864 2527 1019 2581 carminum
1042 2527 1179 2581 Sotionem

163 2604 296 2669 interpres
315 2601 446 2666 estiterit,
472 2616 585 2654 cucusam
602 2617 652 2654 cur
671 2598 823 2653 dubitemus
840 2599 872 2651 in
890 2599 991 2667 optimo
1014 2598 1090 2664 fonte
1107 2599 1177 2651 ecbo-

164 2674 264 2728 iiorum
278 2673 472 2726 Veronensinm
483 2688 529 2742 eqo
544 2672 652 2738 quidem
662 2671 770 2724 nulium
784 2671 902 2736 inuenio,
921 2686 1006 2738 neque
1019 2669 1101 2723 aliter
1110 2669 1144 2722 dc
1153 2684 1179 2722 eo

164 2743 408 2799 Maurenbrccberi
420 2743 559 2796 silentium
574 2742 675 2811 (praef.
691 2742 729 2796 cut
742 2759 824 2796 curm.
839 2741 889 2796 sai.
904 2741 961 2795 reli.
973 2758 1002 2810 p.
1018 2741 1083 2808 323)
1098 2741 1179 2794 inter·

161 2822 254 2884 prctor
272 2831 305 2869 ac
322 2816 348 2869 si
366 2815 445 2868 ilium
468 2814 539 2868 idem
561 2829 619 2868 non
641 2815 753 2868 noverit.
790 2813 839 2882 qui
857 2813 968 2881 mundo
990 2814 1089 2866 uicerit
1111 2819 1179 2865 certo

163 2888 246 2958 arqui
255 2903 312 2940 non
319 2891 408 2955 potest
412 2907 423 2953 ;
437 2886 567 2940 omuetior
575 2891 666 2939 tamen
675 2886 791 2950 sortasse
800 2885 864 2951 fait,
877 2885 904 2937 ei
911 2884 1019 2953 onmem
1030 2882 1178 2936 ‘Sotionem

163 2959 290 3014 carmina
303 2960 352 3012 oia
365 2958 549 3012 sacerdotibus
557 2957 694 3010 saissonis
708 2955 853 3010 intellecta'
864 2961 930 3009 sunt
943 2954 1049 3024 (Quint.
1061 2959 1086 3019 1,
1095 2959 1121 3019 6,
1128 2956 1178 3020 40),

164 3046 329 3099 quamquam
354 3029 437 3083 buius
458 3029 534 3083 modi
555 3027 651 3082 studia
673 3044 707 3080 ne
730 3027 766 3080 ab
789 3032 876 3080 aetate
899 3026 1007 3095 quidem
1026 3025 1178 3079 Hadriano

159 3118 275 3170 prorsus
293 3100 445 3155 abhorrent.

514 3249 823 3318 FRAGMENTUM

341 3391 518 3447 VERSUUM
541 3392 726 3446 SALIORUM
745 3389 1002 3446 COMMENTARJI

232 3507 370 3566 Sabidius
399 3511 588 3566 commentar.
612 3507 670 3564 XII
693 3523 766 3565 vers
792 3505 912 3565 Saliene
938 3506 1027 3562 utin
1051 3504 1176 3563 exercitu

158 3593 267 3672 <prius
287 3615 376 3671 quem
393 3597 471 3654 ecies
490 3597 694 3669 instrueretur,
712 3597 748 3670 is,
765 3613 855 3671 penes
875 3591 982 3673 que>m
1000 3591 1176 3672 imp<eiium
