2444 3902
394 187 431 240 M.
451 187 597 240 Terentius
616 186 704 240 Varro

46 352 88 416 Ῥ.
112 356 209 432 Scipio
237 356 325 414 Pauli
355 355 435 414 filius
459 359 489 414 et
515 355 561 414 bis
589 356 692 414 consul
719 355 832 415 fuitei
858 355 1057 432 triumphavit

45 448 74 503 et
96 463 217 504 censura
244 446 363 504 functus
391 448 436 504 est
459 449 489 502 ec
512 445 626 522 collega
652 445 684 502 in
712 463 835 504 censura
863 445 895 502 L.
919 445 1055 504 Mummii

45 531 121 593 fuit’.
166 535 196 592 in
220 535 301 593 omni
325 537 425 593 autern
448 533 605 594 coniuncto
628 533 654 591 si
677 553 770 592 unum
793 535 839 594 est
861 535 1056 607 mendacium,
1071 549 1096 588 ro

45 623 159 684 etiamsi
186 627 284 684 cetere
307 643 378 682 vere
400 627 478 699 sunt,
508 625 605 682 totum
633 641 696 682 esse
722 623 910 682 mendacium
938 623 1055 683 dicitnr.

45 731 112 772 nam
140 713 164 772 si
191 713 229 771 ad
259 732 293 772 ea
321 713 434 788 omnia,
467 731 543 788 quae
574 711 609 771 de
638 711 775 789 Scipione
805 713 858 772 illo
886 731 958 771 vera
986 713 1056 788 dixi,

46 800 181 861 addidere
212 796 255 860 ‘ei
281 801 482 860 Hannibalem
509 801 541 859 in
565 801 668 860 Africa
698 798 872 876 superaris,
903 801 982 878 quod
1011 806 1056 860 est

46 891 160 966 falsum,
185 891 326 950 universa
353 909 470 966 quoque
493 890 556 964 illa,
587 909 663 966 quae
687 891 841 951 coniuncte
869 891 950 951 dicta
978 893 1055 965 suni,

47 983 163 1055 propter
190 981 247 1040 hoc
275 999 381 1054 unum,
415 979 493 1055 quod
522 980 632 1038 falsum
664 981 833 1054 accesserit,
866 980 938 1056 quia
967 981 1055 1039 simul
1070 995 1095 1036 ss

47 1067 184 1144 dicentur,
213 1088 286 1128 vera
313 1089 373 1128 non
404 1072 498 1126 erunt.
545 1072 590 1127 eat
618 1069 691 1128 item
722 1069 812 1144 aliud,
843 1070 922 1146 quod
951 1068 1055 1129 Graeci

47 1156 242 1238 διεζευγμένον
265 1156 393 1236 ἀξίωμα,
420 1176 473 1217 nos
497 1157 677 1216 disiunctum
701 1158 833 1217 dicimus.
875 1158 907 1216 id
934 1159 1055 1218 huiusce

48 1245 122 1305 modi
140 1249 196 1306 est:
221 1243 421 1306 ‘animalum
445 1249 489 1306 est
512 1247 651 1323 voluptas
675 1250 728 1306 aui
749 1247 862 1308 bonurn
886 1250 938 1307 aui
960 1266 1055 1323 neque

48 1334 150 1394 bonurn
181 1357 277 1412 neque
310 1338 422 1395 malum
454 1330 518 1396 θεῖ’.
570 1337 670 1395 omnia
703 1339 803 1395 eutem
836 1356 911 1412 quae
944 1337 1055 1395 disiun-

49 1428 159 1504 guntur,
185 1427 353 1504 pugnantia
377 1444 439 1485 esse
467 1425 545 1484 inter
568 1443 629 1485 sese
658 1429 785 1502 oporiet,
816 1445 976 1502 eorumque
1003 1446 1054 1502 ep·
1070 1443 1096 1482 eo

49 1514 148 1589 posita,
180 1535 256 1590 quae
286 1511 472 1592 ἀντικείμενα
495 1513 600 1574 Graeci
632 1514 743 1591 dieunt,
776 1534 811 1573 ea
841 1534 959 1591 quoque
989 1515 1056 1592 ipsa

50 1601 120 1662 inter
148 1621 177 1663 se
208 1605 333 1668 adversa
363 1622 434 1663 esse.
485 1623 520 1662 ex
551 1603 696 1678 omnibus,
729 1622 804 1680 quae
836 1604 1055 1684 disiunguntur,

50 1710 133 1750 unum
155 1712 216 1752 esse
239 1713 342 1753 verum
366 1693 462 1767 debet,
490 1694 568 1752 falsa
591 1697 695 1752 celera.
743 1693 821 1768 quod
846 1694 871 1752 si
900 1696 953 1752 aui
980 1693 1056 1752 nihil

51 1781 172 1840 emnium
203 1803 307 1843 verum
339 1786 392 1841 eui
423 1782 524 1841 omnia
555 1783 692 1858 plurave,
726 1802 816 1858 quam
847 1801 953 1861 unum,
985 1802 1056 1843 vera

53 1874 129 1929 erunt
150 1876 203 1930 aut
225 1891 302 1947 quae
330 1871 478 1930 disiuncta
505 1874 583 1946 suni,
610 1891 670 1930 non
692 1871 871 1948 pugnabunt
898 1874 951 1930 aut
979 1890 1055 1948 quae
1069 1886 1095 1927 ee

53 1960 178 2034 opposita
201 1979 303 2020 eorum
327 1964 404 2031 sunt,
428 1961 579 2019 contraria
601 1961 680 2018 inter
703 1979 765 2020 sese
788 1981 848 2020 non
872 1964 967 2032 erunt,
990 1963 1055 2019 tum

53 2045 79 2103 id
89 2046 265 2109 disiunctum
279 2049 466 2109 mendacium
478 2052 523 2109 cst
533 2052 564 2108 ei
578 2050 748 2126 appellatur
761 2047 1054 2130 παραόιθζευγμένον,

52 2135 129 2196 sicuti
149 2139 204 2198 hoo
227 2142 281 2215 est,
304 2139 336 2196 in
355 2158 423 2214 quo,
446 2157 521 2214 quae
546 2138 693 2215 opposita,
715 2158 775 2197 non
798 2142 868 2198 sunt
892 2139 1054 2198 contraria:

51 2215 108 2284 ‘eui
125 2228 215 2287 curris
235 2232 288 2287 aut
311 2229 445 2287 ambulas
465 2231 517 2286 aut
536 2224 617 2287 sias’.
655 2247 725 2286 nam
744 2228 811 2304 ipsa
834 2228 954 2304 quidem
976 2228 1055 2287 inter

52 2330 77 2370 se
97 2316 217 2376 adversa
240 2320 318 2393 sunt,
349 2317 400 2376 sed
422 2317 561 2392 opposita
589 2337 690 2376 eornm
714 2337 773 2377 non
803 2320 952 2395 pugnani3
984 2312 1054 2377 ‘non
1068 2333 1094 2372 se

52 2402 201 2464 ambulare'
232 2407 311 2464 enim
334 2409 364 2464 et
394 2399 465 2465 ‘non
489 2401 579 2465 siere'
604 2410 635 2465 ei
659 2400 728 2464 ‘non
753 2401 879 2466 currere'
905 2407 1054 2465 contraria

15 2500 20 2510 ’
52 2490 119 2551 inter
139 2514 201 2554 sese
224 2514 283 2555 non
307 2499 385 2571 sunl,
409 2495 551 2572 qnoniam
573 2495 723 2554 centraria
747 2515 782 2554 ea
805 2495 953 2570 dicuntur,
977 2516 1054 2571 quae

51 2579 128 2642 simul
150 2604 221 2644 vera
243 2603 305 2644 esse
329 2603 388 2644 non
413 2588 538 2660 queunt3
560 2585 656 2660 possis
680 2585 759 2642 enim
779 2585 869 2644 simul
892 2585 1053 2660 eodemque

50 2671 170 2748 tempore
192 2693 287 2750 neque
311 2673 461 2732 ambulare
484 2692 579 2748 neque
603 2679 681 2733 stare
705 2693 800 2749 neque
824 2693 948 2732 currere.

113 2806 177 2862 Geel.
193 2812 271 2875 16,8
290 2825 353 2861 eum
373 2809 402 2861 in
417 2807 582 2878 disciplinas
601 2807 765 2862 dialecticas
783 2808 880 2861 induci
900 2809 985 2876 atque
1004 2807 1053 2861 im·

52 2870 92 2956 bui
104 2878 241 2945 vellemus,
259 2895 389 2934 necessus
404 2879 459 2932 fuit
478 2879 556 2934 adire
575 2881 660 2947 atque
675 2895 849 2949 cognoscere,
869 2895 939 2947 quas
953 2881 1054 2933 vocant

51 2944 180 3004 draleceici
198 2949 358 3020 εἰσαγωγάς.
399 2953 467 3016 tum,
487 2951 554 3018 quie
573 2951 712 3019 inprime
730 2951 794 3019 περὶ
813 2950 978 3019 ἀξιωμάτων
997 2951 1053 3004 dis-

51 3019 169 3090 cendum,
193 3038 265 3090 quae
288 3036 401 3076 navarro
415 3053 442 3061 —-
456 3037 560 3087 appellet,
584 3022 815 3076 commentarium
839 3021 874 3076 de
897 3022 1053 3091 proloquiis

52 3085 75 3141 L.
92 3091 160 3146 Aelii
187 3094 264 3148 docti
287 3093 421 3162 hominis,
450 3094 499 3161 qui
521 3093 657 3162 magister
675 3092 808 3147 Varronis
831 3093 898 3161 fuit,
928 3094 1053 3147 studiose

51 3164 226 3226 quaesivimus
249 3197 290 3218 -.
328 3165 451 3218 redimus
475 3165 563 3234 igitur
586 3165 742 3219 necessario
761 3165 798 3218 ed
818 3164 938 3219 Graecos
957 3164 1051 3218 libros.

51 3234 191 3300 exquibus
210 3236 369 3304 accepimus
393 3233 500 3305 ἀξίωμα
519 3252 579 3290 θθθθ
598 3235 642 3288 his
661 3235 764 3290 verbis:
794 3237 891 3292 λεκτὸν
910 3234 1054 3298 αὐτοτελὲς

50 3300 205 3372 dedecoros
231 3303 298 3362 dccv
325 3303 366 3376 ἐφ’
395 3308 477 3380 αὑτῷ.
515 3308 568 3361 hee
592 3323 644 3378 ego
669 3307 814 3377 supersedi
838 3310 957 3374 vertere,
984 3306 1053 3374 quia

51 3375 117 3452 nevis
135 3380 162 3434 el
179 3377 332 3434 inconditis
350 3378 465 3432 voeibus
483 3380 619 3432 utendum
637 3379 705 3447 fuit,
730 3397 798 3447 ques
822 3379 884 3448 pati
903 3394 984 3448 aures
1002 3393 1054 3446 per

51 3445 215 3504 msoleniiem
229 3451 275 3503 vix
288 3452 410 3518 possent.
427 3449 476 3505 sed
489 3464 598 3505 nvem
608 3482 634 3490 -
644 3465 699 3518 nixi,
713 3464 862 3516 proemium,
878 3447 941 3504 aM.
957 3451 1052 3503 aulem

52 3511 168 3601 Cicerone
192 3521 271 3594 [tuse
287 3521 374 3645 1²14AE
397 3521 622 3590 pronuntiatum,
646 3539 701 3590 quo
724 3521 774 3576 ille
796 3523 892 3574 tamen
914 3519 1051 3574 vocabulo

51 3587 174 3660 tantisper
201 3592 244 3646 uti
272 3608 301 3647 θθ
325 3609 352 3646 ,θ
372 3594 492 3647 laetatus
512 3595 573 3660 est,
604 3593 709 3660 ‘quoad
734 3591 846 3646 melius'
876 3591 969 3660 inquil
998 3591 1051 3645 ‘in-

785 3681 836 3734 13·
