2442 3902
399 173 435 226 M.
454 172 601 226 Terentius
620 171 708 227 Varro
995 169 1059 234 337

519 344 584 402 348

114 450 305 526 antiquarum
338 450 498 510 mulierum
524 450 681 525 ,frequenti
712 450 744 506 in
777 467 836 508 usu
867 451 1062 524 praenomina

46 540 175 615 fuerunt,
194 540 298 600 Rutila
318 537 463 598 ansellia
481 538 636 598 Redaoilla
654 539 789 598 Murrula
802 538 908 611 Burra,
927 557 945 596 a
964 539 1061 597 colore

45 629 142 689 ducta.
180 629 235 688 ille
253 630 447 704 praenomina
465 647 483 687 a
501 628 638 687 virilibus
656 630 754 686 tracta
773 629 851 702 sunt,
875 625 951 686 Gaia
968 626 1062 686 Lucia

46 717 152 777 Publia
170 719 322 778 Numeria.
360 720 491 777 ceterum
510 715 585 776 Gaia
603 736 660 776 usu
683 735 771 792 super
794 735 895 776 omnes
914 716 1062 776 celebrata

47 811 104 884 est3
135 809 237 866 ferunt
264 809 343 866 enim
367 806 473 867 Gaiam
497 804 658 867 Caeciliam
682 806 837 881 Tarquinii
861 805 956 864 Prisci
983 806 1088 883 regist

47 916 166 956 uxorem
195 897 340 973 optimam
367 896 517 955 lanificam
545 897 648 970 fuisse,
676 899 706 953 et
728 895 796 954 ideo
818 896 1000 970 institutum,
1028 898 1062 953 ut

47 1003 141 1046 novae
164 989 276 1062 nuptae
305 989 373 1046 ante
400 985 522 1045 ianuam
551 985 652 1044 mariti
680 985 884 1062 interrogatae
915 1003 1062 1060 quaenam
1215 1024 1216 1102 1

48 1077 232 1150 vocarentur,
256 1075 345 1134 Gaias
369 1093 431 1134 esse
455 1094 485 1134 ee
508 1075 655 1133 dicerent..
1215 1111 1216 1166 3

116 1176 137 1228 I
139 1175 193 1228 bid.
209 1179 227 1230 7
244 1189 387 1237 annonarum
400 1206 428 1213 —
441 1189 546 1228 meamne.
578 1175 661 1229 Pani.
680 1174 754 1227 Fen.
769 1191 800 1242 p.
814 1177 879 1238 221,
893 1176 927 1226 14
947 1189 1062 1241 praeno-

47 1244 167 1300 minibus
193 1245 312 1300 feminas
339 1261 399 1300 esee
425 1244 584 1315 appellatas
609 1245 771 1298 testimonio
798 1245 864 1297 sunt
887 1243 1009 1297 Caecilia
1034 1248 1063 1296 et

49 1315 190 1383 Tameia,
214 1333 286 1386 qnae
305 1317 404 1371 ambae
424 1316 509 1370 Gaiae
530 1316 629 1370 solitae
649 1317 706 1370 sint
724 1315 875 1385 appellari,
899 1313 961 1384 pari
979 1315 1062 1368 modo

49 1388 133 1442 Lucia
159 1393 190 1444 et
217 1387 301 1444 Titia.
352 1389 391 1442 id.
413 1406 441 1456 p.
461 1393 506 1455 95,
522 1393 557 1443 19
590 1387 661 1442 Gaia
689 1385 811 1442 Caecilia
839 1386 984 1455 appellata
1011 1389 1063 1453 e'st,

50 1461 80 1512 ut
104 1459 222 1514 Romam
249 1460 338 1528 venit,
366 1475 438 1529 quae
467 1464 551 1514 antea
576 1458 716 1526 Tanaquil
742 1458 868 1512 vocitata
893 1463 967 1526 crat,
994 1475 1064 1510 uxor

50 1529 192 1600 Tarquinii
222 1531 311 1586 Prisci
342 1531 418 1601 regis
446 1531 646 1602 Romanorum,
678 1547 751 1598 quac
783 1532 880 1584 tantae
912 1529 1062 1599 probitatis

50 1601 114 1670 fnit,
140 1605 173 1656 ut
197 1603 228 1656 id
251 1618 353 1656 nomen
377 1602 478 1656 ominis
503 1602 570 1656 boni
594 1620 679 1656 cauea
704 1600 884 1670 frequentent
911 1601 1062 1666 nubentcs3

51 1689 130 1740 quam
162 1691 302 1728 summam
334 1676 494 1728 asseverant
531 1674 673 1728 lanificam
704 1673 798 1727 fuisse.
851 1674 886 1741 cf.
915 1675 1003 1729 Varro
1031 1673 1063 1727 de

52 1745 67 1797 ι.
81 1747 114 1799 n.
133 1750 160 1813 9,
175 1751 219 1802 eo.
244 1751 288 1800 cz.
325 1747 401 1801 Pin.
421 1765 449 1800 n.
467 1747 493 1802 n.
513 1750 541 1813 e,
556 1751 617 1800 194.

118 1867 133 1915 2
151 1860 263 1916 rutilio:
283 1879 331 1917 ena
346 1862 454 1931 Kempf
464 1863 522 1916 coli.
536 1862 615 1916 Vere.
631 1863 663 1916 de
678 1863 695 1916 l.
707 1863 740 1916 L.
757 1866 782 1928 7,
793 1866 830 1915 83
844 1868 870 1916 et
884 1861 1003 1915 Mueller
1016 1877 1062 1928 up.

53 1932 119 1988 Teet.
134 1953 166 2003 p.
184 1930 271 2000 2621),
284 1938 322 1989 20
372 1932 501 1988 aneulla
519 1936 588 1987 coni.
609 1933 716 2003 Keenpf
729 1934 788 1988 ecit.
808 1934 882 1988 Feet.
897 1949 928 2002 p.
947 1935 1062 1997 274⁶‚9

52 2001 348 2131 {iugelummfm
420 2009 435 2057 8
454 2004 520 2058 viris
535 2005 623 2058 Halm
696 2010 711 2058 5
731 2003 836 2076 ferunt]
852 2021 921 2073 quae
934 2009 1065 2057 secuntur

118 2236 151 2272 en
173 2219 235 2273 tatia
254 2236 322 2289 puae
340 2220 372 2273 in
389 2220 551 2290 frnpneentie
574 2219 766 2273 adnotavimus
788 2218 1015 2272 verisimillimum
1033 2217 1065 2283 pit

55 2306 70 2340 e
91 2290 212 2345 Varrone
230 2291 337 2359 reliqua
356 2307 459 2360 qnoque
483 2291 573 2345 Verrii
586 2291 800 2359 praenominum
822 2290 973 2356 veriloquio
991 2305 1064 2356 repe-

55 2361 130 2414 tenda
147 2379 215 2417 eeae:
229 2379 260 2431 p.
274 2366 321 2428 26,
335 2367 369 2417 11
388 2361 518 2429 Aquilius
538 2361 584 2430 (ab
605 2361 698 2429 aquilo
718 2361 834 2428 colorc);
848 2363 984 2429 p.130,1
1005 2359 1063 2412 Ma-

54 2446 156 2486 mercus
182 2449 354 2502 praenomen
382 2432 498 2499 Oscum,
528 2451 557 2502 p.
582 2437 646 2499 359,
661 2437 696 2486 19
724 2432 810 2485 Talus
839 2431 869 2484 in
898 2430 1064 2484 Sabinorum

55 2503 207 2558 nominibus
229 2505 420 2573 praenominis
439 2504 501 2558 loeo
519 2503 631 2558 videtur
649 2503 743 2557 fuisse.
763 2504 806 2570 nd.
821 2507 961 2572 p.151,1
985 2501 1064 2555 Man-

55 2571 104 2628 liae
121 2576 223 2646 gentis.
261 2579 296 2644 cf.
316 2577 509 2643 Reitzenstein,
532 2576 607 2631 Vere.
627 2576 739 2630 Foreclt.
759 2594 789 2644 p.
804 2578 849 2630 25.

56 2801 298 2862 coeNOMINUM
315 2807 618 2874 AGNOMINUMQUE

119 2951 152 3005 ete
173 2953 314 3006 hominene
336 2951 494 3006 nominebus
508 2953 658 3007 Varronem
676 2952 723 3006 nia
746 2967 780 3004 nc
797 2952 904 3005 ratione
926 2951 1064 3020 enipaieee

56 3033 84 3071 en
95 3022 197 3077 incerto
211 3029 321 3078 aucun
330 3023 374 3076 De
383 3025 611 3092 praenominibus
625 3024 670 3092 (fr.
681 3027 778 3090 3233q.
794 3029 819 3076 et
828 3023 991 3091 praesertin
1000 3025 1063 3091 348)

57 3105 106 3146 non
123 3095 204 3149 aliter
222 3101 303 3162 atque
321 3111 354 3148 en
371 3096 407 3162 [ν.
423 3097 478 3148 368
492 3101 577 3165 patet.
607 3097 641 3162 cf.
661 3097 743 3149 etiarn
763 3095 850 3149 Vane
869 3111 891 3148 r.
906 3112 929 3148 r.
946 3098 973 3159 2,
989 3100 1013 3158 1,
1029 3098 1064 3147 10

57 3165 124 3227 quod
145 3165 261 3219 nomina
283 3165 374 3218 multa
392 3165 527 3219 habemus
547 3165 582 3219 ab
601 3169 719 3233 utreque
739 3163 851 3234 pecore,
876 3164 1016 3218 amatore
1036 3167 1065 3217 et

59 3247 73 3284 a
88 3235 200 3291 minere.
234 3236 273 3310 <a
290 3235 420 3308 minore>
437 3237 550 3291 Porcius
566 3236 681 3291 Ovinius
697 3236 844 3305 Capriliue,
865 3237 905 3289 sic
924 3253 941 3288 a
959 3235 1064 3289 maiore

59 3300 180 3374 Equitius
206 3307 332 3362 Taurius.
380 3309 547 3378 cognomina
575 3308 773 3378 adsignificant
801 3306 850 3378 [-ri
872 3308 956 3371 ecit,
989 3307 1065 3375 quod

59 3373 182 3434 dicuntur
199 3384 233 3433 nt
251 3380 326 3432 Anni
345 3377 459 3448 Caprae,
480 3379 575 3434 Statili
595 3380 688 3448 Tauri,
708 3379 844 3447 Pomponi
863 3379 932 3432 Vitu
944 3379 967 3445 i3
989 3379 1029 3432 sie
1048 3395 1065 3430 a

61 3451 204 3511 pecudibus
220 3451 269 3504 alii
283 3449 373 3505 multi.
407 3452 552 3506 eorundem
566 3453 706 3521 conplura
720 3451 834 3520 neatipia
848 3451 925 3520 opud
939 3451 1065 3504 Plinium

60 3519 171 3592 aliamue
184 3529 277 3578 entare
288 3525 408 3577 Munzer
422 3523 616 3578 demonstrarit
630 3523 705 3591 (ibid.
714 3540 743 3590 p.
751 3525 805 3576 265
810 3524 867 3590 ep).
891 3522 926 3588 ef.
938 3522 1064 3576 Reitzen-

59 3593 120 3646 stein
136 3594 204 3649 aeid.
219 3612 249 3665 p.
264 3599 309 3649 25.
341 3595 458 3660 Wiiiers,
477 3596 509 3649 de
524 3595 597 3648 Verr.
614 3595 660 3649 Fi.
680 3595 792 3664 plocen.
812 3595 925 3662 interpr.
940 3611 970 3662 p.
987 3597 1022 3646 17
1026 3609 1063 3660 eq.

106 3681 270 3734 drammatieae
283 3694 399 3734 Romanae
414 3694 543 3744 fragmenta
561 3693 595 3733 ed.
610 3694 731 3733 Furaronr
818 3688 850 3735 22
