2442 3902
404 128 441 182 M.
460 127 606 182 Terentius
625 127 713 181 Varro
1000 126 1063 192 327

522 299 588 355 318

118 403 207 466 ‘anno
226 407 346 465 demum
365 407 471 482 quinto
491 406 521 463 et
543 399 737 481 sexagesimo'
762 405 835 463 haec
853 407 936 463 aetas
956 406 1008 477 est,
1032 405 1066 461 ut

52 498 148 555 Varro
170 497 222 571 ait,
246 497 338 554 etiam
360 495 540 554 comicorum
563 512 675 552 senum.

121 597 194 650 Dcn.
209 596 268 650 Ter.
284 595 390 662 adelph.
401 598 428 660 5,
438 599 465 660 8,
476 591 529 647 15⁸
547 617 607 646 anno
616 625 643 632 -
652 617 736 646 unum.
756 593 790 658 cf.
805 595 843 647 id.
858 590 1065 658 cnn2,1,25⁸.

52 799 99 854 Du
120 798 326 854 GENERIBUS
345 797 583 852 LITTERARUM

159 905 344 962 ORATIONE
368 903 508 960 SOLUTA
531 903 688 958 SCRIPTIS

522 1023 587 1080 319

116 1148 204 1207 prosa
224 1133 268 1189 est
291 1129 436 1204 producta
459 1129 556 1187 oratio
575 1129 677 1206 alege
700 1129 788 1186 metri
811 1128 922 1201 soluta3
945 1145 1066 1202 prosum

55 1220 131 1277 enim
163 1219 281 1294 antiqui
312 1218 492 1294 productum
524 1217 662 1276 dicebant
694 1220 724 1277 et
752 1219 880 1292 rectum3
914 1216 992 1274 unde
1023 1218 1065 1275 ait

53 1307 148 1367 Varro
166 1307 246 1384 apud
264 1307 406 1366 Plautum
425 1302 532 1382 ‘prosis
551 1301 649 1365 lectis'
668 1305 830 1385 significari
852 1306 950 1365 rectis.
987 1305 1065 1363 unde

55 1397 144 1456 etiam
157 1416 234 1474 quae
253 1417 313 1456 non
331 1399 376 1455 est
395 1396 524 1471 perflexa
542 1415 664 1456 numero
683 1396 733 1456 sed
752 1397 842 1469 recta,
860 1413 950 1471 prosa
968 1396 1065 1453 oratio

57 1487 170 1563 dicitur,
202 1487 234 1545 in
266 1489 379 1545 rectum
412 1485 609 1560 producendo.
634 1519 673 1526 —
703 1489 859 1561 praeterea
890 1487 952 1542 tam
986 1484 1065 1560 apud
1094 1505 1105 1544 s

57 1574 179 1636 Graecos
195 1595 286 1652 quam
300 1576 380 1651 apud
393 1575 518 1634 Latinos
537 1575 625 1652 longe
644 1575 845 1650 antiquiorem
859 1592 960 1632 curam
974 1574 1066 1633 fuisse

57 1666 216 1724 carminum
234 1684 326 1741 quam
345 1683 465 1740 prosae3
490 1666 590 1723 omnia
609 1667 688 1723 enirn
706 1664 789 1739 prius
807 1663 942 1724 versibus
961 1663 1066 1722 conde-

56 1753 170 1830 bantur,
197 1773 302 1831 prosae
327 1757 426 1813 autem
450 1754 582 1814 studium
605 1772 670 1814 sero
693 1755 799 1831 viguit.
845 1754 959 1828 primus
987 1752 1066 1828 apud

59 1841 180 1905 Graecos
208 1843 393 1919 Pherecydes
417 1842 518 1918 Syrus·
537 1844 636 1903 solute
664 1845 797 1902 oratione
826 1843 957 1928 scripsit,
987 1841 1067 1917 apud

58 1931 202 1993 Romanos
221 1936 322 1996 autem
340 1933 456 2008 Appius
477 1931 588 1992 Caecus
612 1932 751 1992 adversus
770 1931 918 2008 Pyrrhum
937 1932 1066 1990 solutam
1081 1953 1107 1992 ιο

58 2025 214 2082 orationem
241 2023 356 2099 primus
384 2024 522 2081 exercuit.
568 2024 629 2080 iam
657 2022 763 2081 exhinc
786 2023 816 2080 et
843 2022 933 2080 ceteri
960 2039 1066 2096 prosae

59 2111 224 2188 eloquentia
246 2111 469 2172 contenderunt.

121 2213 189 2266 Ittd.
204 2227 242 2267 Or.
263 2217 293 2277 1,
311 2215 361 2277 38,
381 2215 397 2265 1
415 2235 481 2273 prosa
498 2228 532 2265 ert
549 2242 576 2250 -
594 2225 743 2272 producendo.
788 2209 838 2263 alli
855 2225 968 2278 prosam
987 2208 1067 2262 alunt

59 2280 154 2336 dictam
181 2283 216 2336 ab
243 2298 286 2348 ec,
314 2281 390 2350 quod
415 2281 453 2335 sit
476 2282 603 2350 profusa,
630 2281 674 2336 vel
699 2282 734 2335 ab
760 2298 793 2335 eo
816 2282 892 2349 quod
915 2280 1086 2348 spatiosius-

58 2356 165 2419 proruat
187 2356 216 2407 et
239 2356 368 2408 excurrat
391 2352 468 2407 nullo
492 2353 547 2406 sibi
571 2353 691 2407 termino
714 2353 870 2422 praefinito.
907 2370 1022 2415 praeterea
1040 2384 1066 2391 -

58 2441 216 2482 suumomni.
236 2426 270 2491 cf.
287 2425 372 2480 OGL
397 2426 423 2479 V
438 2429 500 2492 576,
516 2429 560 2479 62.
585 2425 740 2479 Wilnianns
760 2425 838 2480 tibris
856 2425 900 2478 Dc
914 2441 989 2478 serm.
1001 2423 1065 2504 Lat.

121 2610 138 2657 4
160 2603 294 2673 perplexa
317 2605 401 2658 Rern.
421 2606 457 2656 95
480 2585 614 2672 perllexa
639 2603 723 2657 Rern.
743 2607 780 2657 36
810 2639 812 2646 ·
888 2607 903 2655 9
930 2602 1066 2668 ferecides

59 2673 114 2738 sort.
134 2674 228 2744 Syrius
322 2680 355 2728 10
373 2674 480 2744 pirrum
572 2679 603 2726 11
624 2672 688 2727 exin
708 2675 865 2729 Wilmanns

523 2809 586 2868 320

119 2917 316 2994 grammatica
343 2917 456 2975 Romae
485 2935 522 2974 ne
549 2915 582 2972 in
611 2933 667 2973 usu
695 2915 815 2991 quidem
844 2915 929 2989 olim,
959 2914 1067 2973 nedum

62 2999 219 3064 inhonore
242 3005 305 3065 ullo
328 3006 406 3080 erat,
435 3005 504 3063 rudi
531 3005 645 3064 scilicet
667 3022 702 3063 ac
724 3004 866 3062 bellicosa
889 3005 1068 3063 etiamtum
1114 3045 1116 3050 -

63 3091 176 3153 civitate
199 3094 325 3154 necdum
347 3113 526 3173 magnopere
549 3093 722 3153 liberalibus
745 3093 911 3169 disciplinis
934 3096 1066 3152 vacante.

61 3180 172 3242 initium
196 3202 314 3260 quoque
337 3186 400 3243 eius
423 3183 570 3242 mediocre
593 3185 702 3258 extitit,
730 3185 756 3242 si
779 3183 899 3259 quidem
923 3184 1066 3259 antiquis·

62 3270 122 3331 simi
148 3273 314 3349 doctorum,
346 3275 398 3349 qui
424 3272 502 3332 idern
531 3275 561 3332 et
587 3276 694 3348 poetae
723 3275 753 3331 et
780 3273 955 3348 semigraeci
982 3274 1094 3332 arants

63 3351 186 3436 (Livium
210 3365 241 3421 et
260 3363 389 3420 Ennium
407 3363 482 3437 dico,
506 3381 579 3439 quos
603 3366 729 3437 utraque
753 3361 858 3439 lingua
878 3360 958 3419 domi
982 3362 1066 3420 foris-

63 3466 111 3521 que
133 3451 267 3512 docuisse
290 3452 466 3510 adnotatum
490 3443 549 3532 est)
575 3451 651 3509 nihil
675 3451 803 3526 amplius
827 3469 916 3525 quam
940 3448 1066 3509 Graecos

63 3537 333 3616 interpretabantur,
370 3544 423 3600 aut
454 3542 481 3601 si
513 3541 584 3617 quid
616 3540 675 3616 ipsi
708 3541 802 3598 latine
834 3541 1068 3615 composuissent
