2442 3902
397 171 433 226 M.
452 171 599 226 Terentius
617 171 705 226 Varro
992 169 1056 234 339

115 335 197 388 Paul.
222 333 297 388 Fert.
315 350 346 402 p.
362 338 405 400 43,
425 338 461 387 10
483 345 548 388 chilo
566 365 594 372 -
610 346 706 388 vicum.
747 333 802 387 Vel.
818 332 907 402 Loup.
917 349 948 402 p.
965 335 1008 399 74,
1022 335 1058 387 13

48 404 113 458 item
127 404 214 458 alium
228 421 289 459 esee
304 405 432 470 cilonem,
452 404 538 457 alium
555 403 694 459 chilonem
714 403 889 476 [volueriut],
909 406 939 457 et
953 403 1057 457 cilones

49 476 136 530 vocari
159 476 286 530 hominen
311 476 424 546 angusti
443 476 545 545 capitia
565 479 595 530 et
612 475 703 546 longi,
728 475 852 529 chilones
872 491 936 528 vero
954 475 1057 544 impro-

48 547 169 602 bioribur
194 547 282 601 labris
308 549 434 602 homines
462 565 478 600 a
503 546 609 601 Graeco
636 546 715 615 παρὰ
737 546 772 600 τὰ
795 543 880 618 χείλη.
918 548 952 614 cf.
971 563 1059 616 supra

48 621 81 686 fr.
94 624 191 688 280sq.
226 621 279 674 Vel.
299 621 387 690 Loup.
408 637 452 689 ap.
469 619 590 674 Oasciod.
610 620 677 674 crib.
692 635 723 688 p.
739 622 860 685 15512.
893 619 985 672 eadm
1002 619 1059 685 sere

49 691 131 744 trudit
150 691 229 745 Oicur.
245 708 274 759 p.
291 695 355 757 102,
370 697 393 745 1.
428 690 517 759 Caper
534 691 602 746 crib.
617 708 648 759 p.
663 695 708 757 97,
723 693 765 744 17.
801 689 886 745 OGL
902 690 1017 744 71211.

501 842 595 900 *354

112 949 148 1008 ab
167 950 271 1010 iisdem
297 943 485 1028 [Quiritibus]
506 950 557 1025 qui
576 949 672 1008 altero
691 949 802 1008 lumine
822 948 886 1007 orbi
905 965 1058 1006 nasceren-

49 1042 95 1096 tur
109 1037 235 1098 Coclites
248 1038 443 1114 vocabantur,
458 1041 510 1114 qui
523 1040 626 1114 parvis
640 1039 776 1114 utrisque
791 1037 919 1112 Ocellae,
938 1038 1059 1097 Luscini

49 1128 171 1188 iniuriae
194 1147 356 1206 cognomen
378 1127 555 1187 habuerunt.

117 1228 191 1280 Pliu.
210 1245 237 1282 u.
257 1228 283 1281 b.
304 1233 346 1293 11,
362 1232 415 1281 150
434 1243 462 1280 ab
476 1259 502 1266 -
516 1242 649 1282 habuerunt
682 1227 771 1282 Varro
790 1227 815 1280 d.
836 1227 853 1280 l.
874 1228 907 1281 L.
929 1230 954 1293 7,
969 1230 1003 1280 71
1023 1225 1058 1279 ab

51 1297 126 1352 oculo
136 1297 232 1352 Cocles
246 1301 279 1351 ut
292 1297 376 1365 colea,
391 1298 483 1352 dictus
495 1298 545 1366 qui
559 1315 646 1351 unum
659 1298 778 1352 haberet
792 1298 911 1354 oculum.
936 1298 971 1364 cf.
983 1299 1058 1352 Piut.

52 1371 124 1440 Popi.
140 1375 181 1424 16.
217 1371 303 1425 Diou.
324 1371 362 1424 H.
383 1375 407 1437 5,
421 1374 467 1425 23.
500 1370 532 1424 dc
552 1369 708 1424 ‘Lincinio'
728 1371 763 1436 ef.
782 1371 819 1438 fr.
833 1374 896 1424 219.

501 1521 596 1580 *355

113 1630 289 1706 cognomina
316 1629 407 1686 etiam
429 1629 528 1704 prima
554 1628 635 1687 inde:
666 1622 768 1707 [358]
814 1627 875 1686 iam
898 1626 1059 1686 Fabiorum

53 1715 239 1777 Lentulorum
264 1716 452 1790 Ciceronum,
477 1720 511 1775 ut
535 1720 662 1794 quisquc
686 1716 807 1793 aliquod
831 1717 943 1792 optime
967 1734 1059 1794 genus

53 1811 161 1866 sereret.

118 1906 189 1960 Ptin.
205 1924 233 1960 u.
248 1907 274 1959 h.
291 1911 383 1972 18,10
401 1920 534 1969 cognomina
548 1937 574 1944 -
588 1923 675 1960 careret.
707 1907 757 1959 hoc
773 1907 819 1974 fr„
834 1910 897 1970 350,
908 1908 963 1959 358
982 1904 1060 1972 apud

54 1977 170 2030 Plinium
187 1980 260 2031 iuter
277 1994 304 2031 se
318 1979 465 2047 occipiunt.
485 1977 612 2031 aliterue
627 1978 736 2031 ‘Fabii’
754 1978 835 2031 Paul.
850 1977 925 2032 Feci.
937 1994 967 2044 p.
976 1980 1022 2041 87,
1033 1980 1058 2028 7.

54 2047 261 2176 fflcgtssaegfl
283 2049 336 2104 Oic.
356 2050 608 2116 conamur.
633 2049 665 2103 de
685 2049 799 2103 ‘Cicero’
825 2050 990 2113 Mmauu,
1011 2049 1059 2102 Ge.

164 2162 173 2187 ,
246 2163 252 2174 .

118 2233 129 2279 1
149 2227 346 2280 Lentinorum:
365 2245 413 2280 cru.
434 2227 580 2281 Burburus

516 2378 583 2436 356

118 2476 196 2532 Obar.
207 2494 238 2546 p.
253 2480 326 2544 82,7
345 2482 388 2546 (=
405 2477 480 2531 Piiu.
499 2477 562 2530 dub.
582 2494 659 2532 cerm.
676 2494 705 2545 p.
723 2481 767 2542 47,
781 2482 817 2533 24
828 2477 874 2548 Β.)
890 2503 923 2522 =
938 2477 973 2543 fr.
984 2475 1060 2531 280ᾱ

501 2628 596 2687 *357

111 2735 141 2793 in
164 2736 248 2794 nullo
272 2755 377 2812 genere
401 2753 495 2810 acque
518 2735 616 2794 facilis
640 2736 770 2793 mixtura
794 2754 861 2794 cum
883 2736 956 2810 fero,
987 2753 1058 2810 qua-

55 2821 114 2882 liter
139 2827 226 2884 natos
255 2825 374 2900 antiqui
400 2823 542 2899 hybridas
569 2825 718 2884 vocabant
746 2843 799 2884 ceu
822 2824 990 2899 semisonae,
1021 2825 1060 2882 ad

55 2910 177 2974 homines
208 2933 325 2991 quoquc
353 2916 388 2971 ut
417 2911 447 2972 G.
471 2913 636 2974 Antonium
661 2912 810 2973 Ciceronis
840 2915 872 2971 in
904 2914 1059 2974 consulatu

56 3002 189 3082 collegam
214 3004 414 3081 appellatione
437 3003 556 3062 tralata.

115 3105 190 3158 Piiu.
204 3120 232 3157 u.
247 3103 272 3158 b.
288 3108 315 3170 8,
329 3106 384 3158 213
397 3118 422 3157 rn
435 3117 498 3156 nuno
507 3117 630 3156 -rrarara
648 3102 708 3156 Vui.
721 3103 801 3156 Mau.
813 3107 840 3168 8,
851 3106 904 3168 6,4
924 3101 954 3168 Q.
966 3104 1060 3155 autem

56 3169 144 3228 Varius
167 3177 283 3244 propter
306 3175 453 3228 obscurum
478 3173 521 3227 ius
546 3173 668 3227 civitatis
692 3173 821 3242 Hybrida
846 3173 1060 3243 cognominatus

56 3244 84 3310 es.
99 3246 214 3302 Mimrer
232 3247 298 3300 ibid.
317 3263 342 3314 p.
359 3250 423 3301 265,

516 3379 582 3436 358

115 3489 292 3566 cognomina
305 3487 395 3546 etiam
410 3487 508 3561 prima
521 3485 603 3544 inde:
622 3485 762 3560 Pilumni,
782 3487 836 3560 qui
849 3485 945 3561 pilum
959 3485 1060 3560 pistri-

57 3575 94 3632 nis
115 3576 277 3651 invanerat,
299 3576 415 3636 Pisonis
440 3596 458 3633 a
480 3575 611 3650 pisendo.

791 3673 843 3726 22*
