2534 3908
422 1037 776 1124 GRAMMATICI

303 1263 339 1337 c.
368 1263 611 1337 ocTAVIUs
639 1263 899 1338 LAMPADIO

435 1437 474 1503 A.
497 1435 766 1526 TESTIMONIA

91 1525 204 1581 VITAE

163 1641 188 1690 1.
209 1636 284 1704 oripo
303 1633 513 1700 Lampadionis,
532 1638 563 1686 ut
577 1633 707 1686 Archelai
724 1639 750 1688 et
763 1633 922 1700 Philocomi,
941 1633 1110 1702 incomperta

92 1714 137 1760 est.
175 1707 201 1760 si
223 1706 296 1761 enim
318 1705 348 1756 loi
370 1721 430 1757 uno
453 1721 513 1757 curn
534 1705 701 1773 Varpunteio
728 1704 837 1759 ‘nostri'
864 1722 883 1757 a
901 1703 1031 1760 meanto
1053 1708 1108 1759 siue

99 1779 219 1832 Varrone
238 1777 281 1846 (de
297 1793 411 1846 proram.
430 1778 459 1843 2)
478 1782 619 1840 uocantur,
641 1777 773 1843 quornodo
791 1777 856 1830 ltoec
873 1777 1054 1846 intellependo
1072 1777 1110 1831 sit

92 1850 250 1918 appellatio,
276 1864 368 1902 uerene
387 1849 551 1915 proprieque
569 1863 623 1915 pro
642 1847 777 1901 Routonis
799 1865 838 1901 an
855 1847 1035 1917 semiproecis,
1061 1848 1109 1918 qai

93 1920 196 1976 Rornae
223 1919 340 1974 Cratetis
366 1919 481 1987 uestipio
505 1918 663 1986 presserint,
691 1917 767 1972 haud
795 1919 884 1987 liquet.
922 1925 990 1973 certe
1017 1925 1108 1973 tamen

90 1995 174 2060 paulo
192 1998 257 2046 ante
272 1990 419 2045 Suetonius
435 1992 466 2042 in
481 1989 563 2042 Livio
578 1989 725 2057 Eunioque
740 1990 877 2057 posterius
894 2006 991 2043 nornen
1011 1989 1108 2043 diserte

92 2070 216 2132 murpat.
237 2062 271 2128 cs.
288 2062 434 2126 Hillscter,
458 2060 552 2114 Flecte.
571 2061 684 2114 aaran
703 2062 792 2130 suppl.
813 2064 857 2112 18.
878 2064 953 2114 1892
965 2078 996 2130 p.
1012 2064 1066 2115 364
1084 2067 1110 2115 et

92 2142 187 2190 contra
206 2135 271 2198 Leo,
292 2133 335 2185 Pl.
352 2132 386 2185 F.
399 2149 427 2200 p.
442 2135 480 2185 29
498 2132 563 2186 adn.
584 2135 609 2184 3.
640 2132 672 2184 de
691 2133 847 2186 Philocamo
866 2133 948 2185 etiam
967 2131 1027 2186 Vol.
1049 2131 1107 2186 cat.

91 2214 146 2260 test.
166 2210 186 2259 8
206 2213 230 2258 et
249 2205 340 2259 Lucil.
359 2204 395 2270 fr.
411 2208 453 2258 36.

160 2281 189 2331 2.
205 2276 424 2346 Lampadionem
435 2277 545 2328 ineunte
556 2275 612 2340 fere
624 2274 808 2329 Gracchorum
818 2280 906 2327 aetate
921 2277 958 2339 (a.
970 2275 1109 2346 620s134),

91 2357 139 2403 aret
162 2350 246 2403 etium
270 2347 444 2415 aliquantam
467 2348 594 2414 temporis
616 2353 711 2414 antea,
744 2347 849 2400 clarum
873 2346 1005 2412 extitisse,
1034 2347 1060 2398 si
1077 2362 1111 2399 ea

92 2422 223 2475 Suetonio
246 2417 332 2488 (ibid.)
356 2434 389 2472 ac
412 2417 553 2472 Frontone
577 2421 642 2486 (test.
662 2419 698 2486 4.)
722 2419 883 2485 callipimus,
907 2417 984 2488 lonpe
1007 2435 1026 2470 a
1048 2432 1110 2470 aero

91 2509 146 2546 uon
179 2491 367 2544 oberrabimus
394 2490 564 2556 (Buecheler,
588 2489 640 2542 Rlu
672 2490 746 2542 Mus.
766 2493 814 2555 40,
838 2490 911 2557 148).
949 2489 1111 2542 catarecte

91 2563 184 2634 Berplt
198 2579 241 2631 cp.
257 2566 282 2626 1,
302 2563 356 2613 603
375 2561 439 2614 adn.

91 2665 325 2722 SCRIPTORUM

162 2762 190 2812 3.
223 2756 295 2811 Suet.
322 2756 354 2809 de
378 2772 417 2825 pr.
441 2759 461 2809 2
493 2758 536 2823 (ea
566 2756 699 2825 Varrone)
737 2755 765 2810 C.
791 2755 923 2810 Octavius
953 2755 1110 2823 Lampadio

91 2830 272 2900 [dilipentius
297 2829 455 2880 retractavit
482 2845 515 2881 ae
542 2828 652 2897 lependo
682 2829 937 2896 commentandoque
965 2834 991 2881 et
1017 2829 1111 2881 ceteris

91 2909 186 2956 uotum
209 2899 290 2968 iecit]
313 2897 414 2952 Naevii
432 2898 569 2951 Punicum
591 2898 711 2963 ballum,
741 2899 817 2966 quod
839 2915 895 2953 uno
914 2897 1057 2952 volumine
1082 2900 1111 2951 et

93 2970 252 3026 continenti
270 2969 409 3037 scriptura
428 2970 586 3038 expositum
605 2970 703 3023 divisit
721 2970 752 3023 in
771 2973 878 3040 septem
896 2970 991 3024 libros.

162 3043 293 3102 datatim
307 3041 437 3095 librarum
451 3041 596 3096 divisionis
609 3044 668 3108 tuto
683 3043 716 3108 cf.
729 3042 833 3097 Santra
846 3043 910 3108 fr.5
924 3048 949 3095 et
962 3041 1111 3095 Buecheler

92 3117 157 3169 att.
177 3118 242 3180 149,
267 3114 316 3181 qui
338 3129 396 3166 eant
418 3113 483 3166 inde
506 3119 614 3167 tantum
637 3131 655 3167 a
679 3114 849 3169 Caesar-roua
873 3120 961 3167 aetate
983 3131 1001 3166 a
1024 3113 1111 3166 doctis

92 3186 247 3240 Mucinotuc
264 3189 395 3251 receptam
414 3200 468 3238 esse
486 3184 687 3239 deinonaraott.

162 3263 188 3312 4.
214 3257 323 3310 Fronto
344 3271 373 3322 p.
388 3259 426 3308 20
445 3256 482 3309 N.
520 3256 597 3308 conti
618 3257 673 3310 isso
698 3255 769 3324 quid
793 3254 852 3308 tale
879 3254 914 3308 M.
935 3254 1035 3308 Porcio
1061 3254 1111 3306 aut

95 3328 196 3393 Quinto
215 3326 320 3393 Ennio,
340 3323 367 3379 0.
383 3324 509 3378 Graccho
529 3328 579 3379 ant
597 3274 671 3380 titio
690 3329 809 3395 poetae?
828 3326 897 3394 quid
917 3325 1043 3394 Scipioni
1062 3326 1112 3378 ant

94 3399 261 3454 Numidico?
294 3396 362 3465 qnid
380 3396 417 3449 M.
437 3395 529 3451 Tullio
549 3397 607 3451 talo
626 3415 678 3451 usu
698 3398 792 3452 venit?
825 3413 944 3466 quorum
963 3395 1030 3449 libri
1049 3412 1110 3464 pre-

94 3471 219 3526 tionioros
241 3467 382 3523 habentur
405 3470 433 3521 at
456 3485 595 3522 summam
618 3469 738 3539 gloriam
759 3469 895 3534 retinent,
921 3469 945 3522 ai
964 3469 1030 3522 sunt
1049 3467 1109 3538 <a>
1212 3525 1214 3530 ,

44 3569 48 3574 ·
96 3542 283 3612 Lampadione
291 3542 341 3593 ant
348 3539 474 3594 Stabatio
485 3544 550 3595 aut.
564 3585 569 3595 .
582 3542 643 3596 ..vi
653 3543 703 3594 aut
715 3585 719 3595 .
732 3584 737 3594 .
750 3583 756 3596 .
768 3585 773 3594 .
786 3543 836 3595 aut
843 3540 923 3594 Aelio
935 3579 1050 3594 .......
1061 3541 1110 3592 ant
1138 3547 1151 3587 5

95 3615 186 3669 Attico
201 3611 378 3681 autNapota.
408 3628 471 3666 mea
485 3614 574 3667 oratio
589 3613 698 3667 extabit
708 3612 744 3667 M.
756 3612 882 3667 Caesarie
896 3626 982 3664 mann
996 3609 1110 3676 scripta.

1179 3799 1247 3860 Δ
