2504 3904
454 198 481 254 Ο.
500 198 596 253 Aelius
616 198 713 253 Gallus
1023 199 1087 262 547

147 361 263 428 Festp.
282 363 415 425 2730,13
437 375 501 412 reus
524 377 598 412 nunc
622 359 725 414 dieitur
748 358 796 426 qui
821 375 934 412 causam
958 358 1036 425 dicit,
1061 361 1090 414 et

78 431 145 484 item
163 431 211 499 qui
230 431 298 500 quid
317 430 447 498 promisit
465 430 651 500 spoponditve
667 448 699 484 66
714 430 806 484 debet.
836 431 865 484 at
880 429 977 484 Gallus
991 430 1089 484 Aelius

78 502 95 556 l.
111 503 138 555 H
156 501 392 572 significationum
411 501 566 568 verborum,
585 517 658 569 quae
678 502 713 555 ad
733 502 776 554 ius
796 501 947 570 pertinent,
966 501 1018 555 ait:
1038 528 1090 556 reus

78 592 109 628 aa
126 607 152 613 -
170 589 206 628 au.
225 588 281 636 quid
297 587 404 636 promtus
441 576 471 627 at
495 572 595 642 Capito
618 574 717 627 Ateius
744 573 791 644 [fr.
808 574 862 644 10].
906 575 940 640 cf.
959 573 1029 628 Isa‘d,
1049 590 1088 628 or.

78 651 122 711 10,
135 649 198 699 238.
228 649 330 711 18,15,
346 649 370 698 7.
405 644 490 700 OGL
508 646 700 710 11127⁶‚60.
733 646 781 700 IV
796 649 861 712 279,
875 649 918 698 57.

148 751 218 822 tis]
236 751 280 804 his
370 757 386 804 4
410 751 511 819 quibus
534 750 685 820 populatus
709 754 760 817 est,
784 768 840 806 non
863 751 908 804 his
931 750 979 820 qui
1005 750 1089 806 alter:

77 840 125 876 em.
150 823 206 878 Urs.
299 827 313 875 7
332 839 388 876 non
407 822 472 876 add.
494 822 598 876 OMue.
618 823 701 891 quive
719 841 760 894 up.

524 976 543 1032 6
567 967 638 1052 [15]

143 1089 161 1146 t.
179 1089 226 1147 ΙΙ.
272 1090 388 1147 saltus
417 1091 471 1147 est
493 1088 554 1146 ubi
577 1088 692 1148 silvae
716 1092 751 1148 et
777 1089 966 1163 pastiones
993 1092 1090 1162 sunt,

78 1197 226 1252 quarum
249 1197 356 1236 causa
379 1195 481 1236 cesae
509 1196 665 1254 quoque:
694 1179 724 1236 si
752 1197 822 1254 qua
844 1177 1031 1252 particula
1053 1180 1090 1236 in

76 1285 115 1326 eo
148 1267 246 1326 saltu
277 1270 463 1342 pastorum
495 1268 563 1325 aut
594 1266 784 1326 custodum
816 1285 923 1325 causa
956 1269 1090 1342 aratur,

77 1377 116 1416 ea
133 1375 188 1415 res
207 1375 275 1414 non
293 1356 445 1432 peremit
467 1375 592 1414 nomen
611 1357 741 1428 saltus,
765 1375 833 1414 non
851 1356 966 1434 magis
986 1375 1090 1432 quam

77 1445 193 1518 fundi,
225 1447 287 1519 qui
310 1447 363 1504 est
392 1445 428 1503 in
451 1464 536 1522 agro
561 1445 659 1505 culto
683 1447 817 1504 eteius
846 1463 955 1506 causa
981 1445 1116 1504 habeta

76 1534 298 1608 aedificium,
329 1536 359 1593 si
383 1553 450 1610 qua
476 1535 662 1608 particula
689 1535 787 1593 ineo
815 1533 924 1592 habet
952 1536 1088 1596 silvam.

147 1633 221 1688 Fest.
233 1649 262 1700 p.
278 1636 332 1686 302
338 1637 358 1698 ὁ,
371 1636 409 1686 20
428 1631 532 1686 saltum
547 1631 645 1686 Gallus
658 1632 755 1686 Aelius
769 1631 788 1685 l,
803 1632 828 1684 11
842 1632 1089 1702 significationum,

76 1720 147 1773 quae
166 1703 203 1757 ad
221 1703 265 1756 ius
283 1703 439 1773 pertinent,
462 1704 504 1758 ita
522 1703 633 1758 definit:
651 1719 720 1758 saltus
734 1721 767 1758 eu
780 1735 807 1743 —
820 1719 905 1758 silvam.
941 1704 976 1770 uf.
1002 1705 1089 1760 Varro

75 1777 108 1829 de
127 1777 143 1830 l.
163 1777 197 1831 L.
218 1780 243 1842 5,
262 1779 306 1829 36.
343 1776 418 1830 Non.
438 1792 468 1843 p.
488 1778 550 1841 387,
570 1780 594 1829 7.
632 1776 701 1830 leid.
725 1779 822 1842 or.14,
842 1779 933 1841 8,25.
954 1781 997 1843 17,
1017 1780 1043 1842 6,
1062 1780 1088 1829 8.

77 1846 162 1901 OGL
175 1847 299 1912 1V166,
315 1851 356 1900 10.
375 1850 441 1913 281,
459 1850 503 1902 30.

147 1959 163 2006 4
183 1952 269 2006 seltui
286 1954 343 2008 cod.
363 1952 462 2006 saltuis
481 1952 552 2010 Stat.
572 1971 611 2008 an
630 1951 760 2007 saltuus?
786 1953 830 2022 (cf.
849 1955 885 2020 fr.
901 1957 945 2020 17,
964 1956 992 2023 3)

523 2097 638 2182 spe]
688 2117 692 2130 =

141 2220 160 2278 l.
180 2219 227 2277 II.
269 2217 299 2277 G.
318 2218 422 2277 Aelius
446 2217 550 2278 Gallus
573 2220 604 2276 in
627 2219 704 2278 libro
724 2219 759 2278 de
783 2219 1001 2297 significatione
1023 2240 1089 2279 ser-

74 2309 188 2382 borum,
216 2326 292 2384 quae
316 2308 354 2366 ad
380 2309 427 2367 ius
451 2309 538 2367 civile
565 2310 725 2384 pertinent,
753 2308 880 2367 seeundo
908 2308 1089 2368 vestibulum

73 2416 137 2456 esse
158 2397 232 2456 dicit
254 2415 313 2456 non
335 2397 367 2455 in
389 2397 463 2473 ipsis
487 2396 608 2457 aedibus
627 2417 724 2472 neque
747 2400 864 2473 partem
887 2398 1013 2473 aedium,
1038 2399 1089 2457 sed

72 2487 172 2545 locum
192 2488 261 2544 ante
284 2487 405 2544 ianuam
424 2486 527 2546 domus
546 2504 682 2561 vacuum,
705 2506 758 2561 per
777 2506 863 2562 quem
883 2506 900 2544 a
919 2487 968 2546 via
989 2487 1088 2546 aditus

72 2593 267 2651 accessusque
290 2574 328 2634 ad
351 2575 433 2634 aedis
457 2578 510 2649 est,
537 2594 604 2635 eum
628 2574 731 2634 dextra
759 2578 937 2653 sinistraque
965 2575 1115 2635 ianuamb

70 2667 213 2740 tectaque
236 2668 306 2724 sunt
332 2666 398 2723 viae
421 2666 523 2724 iuncta
551 2668 640 2740 atque
663 2667 731 2740 ipsa
757 2665 848 2724 ianua
869 2665 974 2740 procul
997 2683 1015 2722 a
1038 2667 1089 2724 via

71 2759 118 2813 est
142 2771 213 2812 aree
235 2753 356 2812 vacanti
377 2753 524 2814 intersita.

149 2852 217 2906 Gen.
237 2856 281 2918 16,
305 2856 330 2917 5,
353 2855 373 2906 2
397 2851 584 2905 animadverti
610 2852 685 2905 enim
711 2852 848 2920 quosdam
875 2853 1088 2920 hautquaquam

68 2923 202 2977 indoctos
217 2923 290 2976 viros
309 2922 418 2992 opinari
430 2922 601 2977 vestibulum
615 2939 675 2978 esse
689 2927 799 2993 partem
813 2923 912 2978 domus
928 2924 1088 2993 primorem,

69 3011 160 3063 quam
174 2993 274 3064 vulgus
289 2993 392 3047 atrium
408 2995 496 3048 vocat.
526 3007 548 3048 0.
562 3006 640 3048 Aelius
654 3027 680 3033 -
693 3009 800 3049 intersita.
830 2997 954 3050 Macrob.
970 3002 997 3061 6,
1011 3000 1039 3063 8,
1054 3000 1089 3051 16

68 3079 92 3120 0.
107 3079 191 3120 Aelius
209 3064 355 3136 [caecilius
370 3066 475 3137 Peru]
491 3078 568 3120 Gallus
581 3065 624 3120 vir
638 3065 816 3120 doctissimus
830 3081 855 3120 in
867 3081 926 3120 libro
940 3099 966 3107 -
980 3092 1089 3121 ausoaus-

67 3163 113 3200 quo
133 3137 173 3191 ad
192 3136 265 3191 fores
285 3135 396 3190 aedium
411 3136 455 3190 sit.
493 3137 556 3206 ipsa
575 3137 650 3190 enim
668 3137 755 3190 ianua
767 3137 865 3206 procul
887 3154 904 3191 a
929 3138 974 3191 via
993 3138 1088 3204 fiebat,

67 3225 139 3262 area
157 3207 289 3261 intersita
302 3224 374 3276 quae
388 3210 508 3261 vacaret.
536 3209 644 3275 efiNon
653 3225 684 3277 p.
700 3212 744 3275 53,
759 3214 783 3263 3.
813 3209 884 3263 Seru.
900 3212 969 3264 Aea.
984 3213 1011 3276 2,
1026 3214 1088 3264 4⁶9.

66 3285 94 3346 6,
108 3284 170 3335 273
190 3281 293 3348 (Varro
310 3282 346 3347 fr.
361 3282 435 3350 460).

146 3401 160 3449 1
181 3393 275 3448 Celius
293 3397 386 3450 Paris.
406 3394 563 3465 C(a)eeilius
582 3397 653 3450 6675..Ι
676 3412 725 3449 em.
745 3397 891 3450 Pomanus
973 3402 989 3449 6
1011 3398 1089 3450 tecta

64 3482 144 3534 quae
172 3467 309 3537 Maeliab.
337 3468 435 3538 Reqin.
462 3471 516 3522 597
541 3473 566 3522 et
588 3471 661 3521 1646
686 3467 778 3522 Paris.
805 3485 838 3521 m.
862 3471 882 3521 2
910 3468 985 3521 56656
1015 3469 1087 3523 Voss.

62 3539 134 3677 ἒὲιέ,
147 3539 269 3664 {1¹⁰5ss
269 3540 349 3663 etqcta
365 3539 461 3594 Owrrio
480 3541 556 3592 tecta
575 3538 706 3607 saepiunt
725 3539 843 3609 Maduiy
858 3537 985 3612 (antae)
1000 3541 1089 3594 tecta·

822 3699 875 3752 35·
