<?xml version="1.0" encoding="UTF-8"?>
<!DOCTYPE html PUBLIC "-//W3C//DTD XHTML 1.0 Transitional//EN"
    "http://www.w3.org/TR/xhtml1/DTD/xhtml1-transitional.dtd">
<html xmlns="http://www.w3.org/1999/xhtml" xml:lang="en" lang="en">
 <head>
  <title>
</title>
<meta http-equiv="Content-Type" content="text/html;charset=utf-8" />
  <meta name='ocr-system' content='tesseract 3.04.00' />
  <meta name='ocr-capabilities' content='ocr_page ocr_carea ocr_par ocr_line ocrx_word'/>
</head>
<body>
  <div class='ocr_page' id='page_1' title='image "./grammaticaeroma00funagoog_0095.png"; bbox 0 0 2460 3900; ppageno 0'>
   <div class='ocr_carea' id='block_1_1' title="bbox 495 152 1120 216">
    <p class='ocr_par' dir='ltr' id='par_1_1' title="bbox 495 152 1120 216">
     <span class='ocr_line' id='line_1_1' title="bbox 495 152 1120 216; baseline 0 -10"><span class='ocrx_word' id='word_1_1' title='bbox 495 153 525 206; x_wconf 88' lang='lat' dir='ltr'>L.</span> <span class='ocrx_word' id='word_1_2' title='bbox 544 153 640 207; x_wconf 86' lang='lat' dir='ltr'>Aelius</span> <span class='ocrx_word' id='word_1_3' title='bbox 660 152 730 206; x_wconf 81' lang='lat' dir='ltr'>Stilo</span> <span class='ocrx_word' id='word_1_4' title='bbox 1077 153 1120 216; x_wconf 79' lang='lat'>55</span> 
     </span>
    </p>
   </div>
   <div class='ocr_carea' id='block_1_2' title="bbox 99 312 1121 438">
    <p class='ocr_par' dir='ltr' id='par_1_2' title="bbox 99 312 1121 438">
     <span class='ocr_line' id='line_1_2' title="bbox 99 312 1121 384; baseline 0.001 -18"><span class='ocrx_word' id='word_1_5' title='bbox 99 331 174 366; x_wconf 80' lang='lat' dir='ltr'>nam</span> <span class='ocrx_word' id='word_1_6' title='bbox 195 315 223 366; x_wconf 94' lang='lat' dir='ltr'>et</span> <span class='ocrx_word' id='word_1_7' title='bbox 245 313 333 382; x_wconf 90' lang='lat' dir='ltr'>ipsius</span> <span class='ocrx_word' id='word_1_8' title='bbox 356 313 470 367; x_wconf 82' lang='lat' dir='ltr'>Homeri</span> <span class='ocrx_word' id='word_1_9' title='bbox 493 312 620 382; x_wconf 89' lang='lat' dir='ltr'>proprios</span> <span class='ocrx_word' id='word_1_10' title='bbox 645 315 673 367; x_wconf 88' lang='lat' dir='ltr'>et</span> <span class='ocrx_word' id='word_1_11' title='bbox 695 329 752 366; x_wconf 87' lang='lat' dir='ltr'>non</span> <span class='ocrx_word' id='word_1_12' title='bbox 777 329 808 367; x_wconf 91' lang='lat' dir='ltr'>eo</span> <span class='ocrx_word' id='word_1_13' title='bbox 831 313 931 384; x_wconf 83' lang='lat' dir='ltr'>dignos</span> <span class='ocrx_word' id='word_1_14' title='bbox 951 314 1050 368; x_wconf 86' lang='lat' dir='ltr'>eadem</span> <span class='ocrx_word' id='word_1_15' title='bbox 1068 313 1121 367; x_wconf 90' lang='lat' dir='ltr'>hac</span> 
     </span>
     <span class='ocr_line' id='line_1_3' title="bbox 99 386 418 438; baseline 0 0"><span class='ocrx_word' id='word_1_16' title='bbox 99 386 176 438; x_wconf 85' lang='lat' dir='ltr'>nota</span> <span class='ocrx_word' id='word_1_17' title='bbox 194 386 418 438; x_wconf 85' lang='lat' dir='ltr'>condemnarunt.</span> 
     </span>
    </p>
   </div>
   <div class='ocr_carea' id='block_1_3' title="bbox 99 463 1162 746">
    <p class='ocr_par' dir='ltr' id='par_1_3' title="bbox 99 463 1162 746">
     <span class='ocr_line' id='line_1_4' title="bbox 182 463 1120 532; baseline -0.001 -14"><span class='ocrx_word' id='word_1_18' title='bbox 182 463 217 532; x_wconf 83' lang='grc'>-,&gt;“&lt;·</span> <span class='ocrx_word' id='word_1_19' title='bbox 238 465 400 519; x_wconf 72' lang='lat' dir='ltr'><strong>asteriscum</strong></span> <span class='ocrx_word' id='word_1_20' title='bbox 426 464 628 532; x_wconf 77' lang='lat' dir='ltr'>Aristophanes</span> <span class='ocrx_word' id='word_1_21' title='bbox 655 465 815 532; x_wconf 88' lang='lat' dir='ltr'>apponebat</span> <span class='ocrx_word' id='word_1_22' title='bbox 840 464 897 518; x_wconf 88' lang='lat' dir='ltr'>illis</span> <span class='ocrx_word' id='word_1_23' title='bbox 924 465 992 519; x_wconf 90' lang='lat' dir='ltr'>locis</span> <span class='ocrx_word' id='word_1_24' title='bbox 1019 464 1120 532; x_wconf 89' lang='lat' dir='ltr'>quibus</span> 
     </span>
     <span class='ocr_line' id='line_1_5' title="bbox 99 535 1162 605; baseline 0 -15"><span class='ocrx_word' id='word_1_25' title='bbox 99 553 203 592; x_wconf 86' lang='lat' dir='ltr'>sensus</span> <span class='ocrx_word' id='word_1_26' title='bbox 221 537 339 604; x_wconf 88' lang='lat' dir='ltr'>deesset,</span> <span class='ocrx_word' id='word_1_27' title='bbox 359 536 536 590; x_wconf 74' lang='lat' dir='ltr'>Aristarchus</span> <span class='ocrx_word' id='word_1_28' title='bbox 556 539 649 590; x_wconf 90' lang='lat' dir='ltr'>autem</span> <span class='ocrx_word' id='word_1_29' title='bbox 669 537 705 589; x_wconf 91' lang='lat' dir='ltr'>ad</span> <span class='ocrx_word' id='word_1_30' title='bbox 724 552 780 602; x_wconf 91' lang='lat' dir='ltr'>eos,</span> <span class='ocrx_word' id='word_1_31' title='bbox 799 536 848 603; x_wconf 92' lang='lat' dir='ltr'>qui</span> <span class='ocrx_word' id='word_1_32' title='bbox 863 537 894 589; x_wconf 90' lang='lat' dir='ltr'>in</span> <span class='ocrx_word' id='word_1_33' title='bbox 909 535 961 590; x_wconf 92' lang='lat' dir='ltr'>hoc</span> <span class='ocrx_word' id='word_1_34' title='bbox 975 539 1045 605; x_wconf 88' lang='lat' dir='ltr'>puta</span> <span class='ocrx_word' id='word_1_35' title='bbox 1059 537 1121 590; x_wconf 91' lang='lat' dir='ltr'>loco</span> <span class='ocrx_word' id='word_1_36' title='bbox 1136 545 1162 585; x_wconf 71' lang='lat'>2⁵</span> 
     </span>
     <span class='ocr_line' id='line_1_6' title="bbox 100 607 1122 678; baseline 0 -17"><span class='ocrx_word' id='word_1_37' title='bbox 100 608 194 678; x_wconf 84' lang='lat' dir='ltr'>positi</span> <span class='ocrx_word' id='word_1_38' title='bbox 211 610 298 674; x_wconf 86' lang='lat' dir='ltr'>erant,</span> <span class='ocrx_word' id='word_1_39' title='bbox 318 625 381 661; x_wconf 91' lang='lat' dir='ltr'>cum</span> <span class='ocrx_word' id='word_1_40' title='bbox 401 607 464 660; x_wconf 89' lang='lat' dir='ltr'>aliis</span> <span class='ocrx_word' id='word_1_41' title='bbox 479 607 587 661; x_wconf 87' lang='lat' dir='ltr'>scilicet</span> <span class='ocrx_word' id='word_1_42' title='bbox 601 624 658 662; x_wconf 89' lang='lat' dir='ltr'>non</span> <span class='ocrx_word' id='word_1_43' title='bbox 672 610 748 661; x_wconf 91' lang='lat' dir='ltr'>recte</span> <span class='ocrx_word' id='word_1_44' title='bbox 762 610 939 675; x_wconf 76' lang='lat' dir='ltr'>ponerentur.</span> <span class='ocrx_word' id='word_1_45' title='bbox 973 608 1042 661; x_wconf 86' lang='lat' dir='ltr'>item</span> <span class='ocrx_word' id='word_1_46' title='bbox 1056 607 1122 661; x_wconf 91' lang='lat' dir='ltr'>Pro-</span> 
     </span>
     <span class='ocr_line' id='line_1_7' title="bbox 100 679 448 746; baseline 0 -14"><span class='ocrx_word' id='word_1_47' title='bbox 100 679 159 733; x_wconf 89' lang='lat' dir='ltr'>bus</span> <span class='ocrx_word' id='word_1_48' title='bbox 178 683 205 735; x_wconf 87' lang='lat' dir='ltr'>et</span> <span class='ocrx_word' id='word_1_49' title='bbox 224 679 335 746; x_wconf 86' lang='lat' dir='ltr'>antiqui</span> <span class='ocrx_word' id='word_1_50' title='bbox 353 679 448 733; x_wconf 88' lang='lat' dir='ltr'>nostri.</span> 
     </span>
    </p>
   </div>
   <div class='ocr_carea' id='block_1_4' title="bbox 100 757 1163 969">
    <p class='ocr_par' dir='ltr' id='par_1_4' title="bbox 100 757 1163 969">
     <span class='ocr_line' id='line_1_8' title="bbox 182 757 1121 827; baseline -0.002 -14"><span class='ocrx_word' id='word_1_51' title='bbox 182 761 216 825; x_wconf 84' lang='lat'>·‘)(·</span> <span class='ocrx_word' id='word_1_52' title='bbox 229 793 263 800; x_wconf 92' lang='lat'>—</span> <span class='ocrx_word' id='word_1_53' title='bbox 284 759 434 814; x_wconf 89' lang='lat' dir='ltr'>asteriscus</span> <span class='ocrx_word' id='word_1_54' title='bbox 459 776 523 812; x_wconf 92' lang='lat' dir='ltr'>cum</span> <span class='ocrx_word' id='word_1_55' title='bbox 548 757 629 813; x_wconf 89' lang='lat' dir='ltr'>obelo</span> <span class='ocrx_word' id='word_1_56' title='bbox 654 759 768 827; x_wconf 88' lang='lat' dir='ltr'>propria</span> <span class='ocrx_word' id='word_1_57' title='bbox 792 761 861 812; x_wconf 89' lang='lat' dir='ltr'>nota</span> <span class='ocrx_word' id='word_1_58' title='bbox 888 761 930 812; x_wconf 90' lang='lat' dir='ltr'>est</span> <span class='ocrx_word' id='word_1_59' title='bbox 958 759 1121 823; x_wconf 71' lang='lat' dir='ltr'>Aristarchi.</span> 
     </span>
     <span class='ocr_line' id='line_1_9' title="bbox 100 830 1122 898; baseline -0.002 -14"><span class='ocrx_word' id='word_1_60' title='bbox 100 831 238 886; x_wconf 82' lang='lat' dir='ltr'>utebatur</span> <span class='ocrx_word' id='word_1_61' title='bbox 263 833 357 885; x_wconf 81' lang='lat' dir='ltr'>antem</span> <span class='ocrx_word' id='word_1_62' title='bbox 382 847 417 884; x_wconf 86' lang='lat' dir='ltr'>ea</span> <span class='ocrx_word' id='word_1_63' title='bbox 441 831 471 883; x_wconf 92' lang='lat' dir='ltr'>in</span> <span class='ocrx_word' id='word_1_64' title='bbox 495 830 540 884; x_wconf 88' lang='lat' dir='ltr'>his</span> <span class='ocrx_word' id='word_1_65' title='bbox 564 830 698 897; x_wconf 87' lang='lat' dir='ltr'>versibus,</span> <span class='ocrx_word' id='word_1_66' title='bbox 725 830 774 898; x_wconf 92' lang='lat' dir='ltr'>qui</span> <span class='ocrx_word' id='word_1_67' title='bbox 799 848 855 884; x_wconf 92' lang='lat' dir='ltr'>non</span> <span class='ocrx_word' id='word_1_68' title='bbox 878 847 927 884; x_wconf 92' lang='lat' dir='ltr'>suo</span> <span class='ocrx_word' id='word_1_69' title='bbox 951 830 1013 884; x_wconf 88' lang='lat' dir='ltr'>loco</span> <span class='ocrx_word' id='word_1_70' title='bbox 1037 830 1122 898; x_wconf 89' lang='lat' dir='ltr'>positi</span> 
     </span>
     <span class='ocr_line' id='line_1_10' title="bbox 101 901 1163 969; baseline 0.003 -12"><span class='ocrx_word' id='word_1_71' title='bbox 101 905 193 958; x_wconf 88' lang='lat' dir='ltr'>erant.</span> <span class='ocrx_word' id='word_1_72' title='bbox 226 904 296 956; x_wconf 90' lang='lat' dir='ltr'>item</span> <span class='ocrx_word' id='word_1_73' title='bbox 315 901 425 969; x_wconf 85' lang='lat' dir='ltr'>antiqui</span> <span class='ocrx_word' id='word_1_74' title='bbox 443 902 532 956; x_wconf 87' lang='lat' dir='ltr'>nostri</span> <span class='ocrx_word' id='word_1_75' title='bbox 551 904 579 955; x_wconf 88' lang='lat' dir='ltr'>et</span> <span class='ocrx_word' id='word_1_76' title='bbox 597 901 711 956; x_wconf 90' lang='lat' dir='ltr'>Probus.</span> <span class='ocrx_word' id='word_1_77' title='bbox 1137 920 1163 960; x_wconf 85' lang='lat' dir='ltr'>so</span> 
     </span>
    </p>
   </div>
   <div class='ocr_carea' id='block_1_5' title="bbox 100 981 1123 1265">
    <p class='ocr_par' dir='ltr' id='par_1_5' title="bbox 100 981 1123 1265">
     <span class='ocr_line' id='line_1_11' title="bbox 175 981 1122 1050; baseline -0.002 -14"><span class='ocrx_word' id='word_1_78' title='bbox 175 988 209 1036; x_wconf 54' lang='grc' dir='ltr'>ὃ</span> <span class='ocrx_word' id='word_1_79' title='bbox 220 982 340 1050; x_wconf 82' lang='lat' dir='ltr'>simplex</span> <span class='ocrx_word' id='word_1_80' title='bbox 354 982 453 1035; x_wconf 89' lang='lat' dir='ltr'>ductus</span> <span class='ocrx_word' id='word_1_81' title='bbox 468 983 542 1035; x_wconf 88' lang='lat' dir='ltr'>inter</span> <span class='ocrx_word' id='word_1_82' title='bbox 550 999 644 1036; x_wconf 88' lang='lat' dir='ltr'>versus</span> <span class='ocrx_word' id='word_1_83' title='bbox 658 982 815 1050; x_wconf 85' lang='lat' dir='ltr'>ponebatur</span> <span class='ocrx_word' id='word_1_84' title='bbox 825 982 861 1034; x_wconf 86' lang='lat' dir='ltr'>ad</span> <span class='ocrx_word' id='word_1_85' title='bbox 871 981 1041 1050; x_wconf 88' lang='lat' dir='ltr'>separandas</span> <span class='ocrx_word' id='word_1_86' title='bbox 1050 997 1094 1036; x_wconf 87' lang='lat' dir='ltr'>res</span> <span class='ocrx_word' id='word_1_87' title='bbox 1105 999 1122 1034; x_wconf 89' lang='lat' dir='ltr'>a</span> 
     </span>
     <span class='ocr_line' id='line_1_12' title="bbox 100 1052 1121 1126; baseline 0 -19"><span class='ocrx_word' id='word_1_88' title='bbox 100 1054 195 1120; x_wconf 89' lang='lat' dir='ltr'>rebus,</span> <span class='ocrx_word' id='word_1_89' title='bbox 210 1070 284 1122; x_wconf 84' lang='lat' dir='ltr'>quse</span> <span class='ocrx_word' id='word_1_90' title='bbox 297 1054 450 1108; x_wconf 85' lang='lat' dir='ltr'>inconexae</span> <span class='ocrx_word' id='word_1_91' title='bbox 464 1055 614 1120; x_wconf 88' lang='lat' dir='ltr'>currerent,</span> <span class='ocrx_word' id='word_1_92' title='bbox 629 1069 712 1121; x_wconf 88' lang='lat' dir='ltr'>quem</span> <span class='ocrx_word' id='word_1_93' title='bbox 726 1054 762 1106; x_wconf 91' lang='lat' dir='ltr'>ad</span> <span class='ocrx_word' id='word_1_94' title='bbox 776 1054 890 1107; x_wconf 91' lang='lat' dir='ltr'>modum</span> <span class='ocrx_word' id='word_1_95' title='bbox 900 1053 973 1126; x_wconf 79' lang='lat' dir='ltr'>(in)</span> <span class='ocrx_word' id='word_1_96' title='bbox 984 1052 1121 1123; x_wconf 83' lang='lat' dir='ltr'>catalogo,</span> 
     </span>
     <span class='ocr_line' id='line_1_13' title="bbox 103 1124 1123 1198; baseline -0.002 -18"><span class='ocrx_word' id='word_1_97' title='bbox 103 1143 168 1180; x_wconf 92' lang='lat' dir='ltr'>cnm</span> <span class='ocrx_word' id='word_1_98' title='bbox 187 1126 252 1180; x_wconf 89' lang='lat' dir='ltr'>loca</span> <span class='ocrx_word' id='word_1_99' title='bbox 266 1143 283 1178; x_wconf 87' lang='lat' dir='ltr'>a</span> <span class='ocrx_word' id='word_1_100' title='bbox 297 1124 366 1179; x_wconf 90' lang='lat' dir='ltr'>locis</span> <span class='ocrx_word' id='word_1_101' title='bbox 386 1124 826 1198; x_wconf 82' lang='lat' dir='ltr'>aut&lt;reg10uesa&gt;regionibus</span> <span class='ocrx_word' id='word_1_102' title='bbox 842 1126 870 1178; x_wconf 87' lang='lat' dir='ltr'>st</span> <span class='ocrx_word' id='word_1_103' title='bbox 886 1125 915 1177; x_wconf 92' lang='lat' dir='ltr'>in</span> <span class='ocrx_word' id='word_1_104' title='bbox 935 1141 1025 1194; x_wconf 83' lang='lat' dir='ltr'>agone</span> <span class='ocrx_word' id='word_1_105' title='bbox 1043 1141 1123 1192; x_wconf 87' lang='lat' dir='ltr'>prae-</span> 
     </span>
     <span class='ocr_line' id='line_1_14' title="bbox 102 1195 1123 1265; baseline 0 -15"><span class='ocrx_word' id='word_1_106' title='bbox 102 1197 162 1251; x_wconf 91' lang='lat' dir='ltr'>mia</span> <span class='ocrx_word' id='word_1_107' title='bbox 181 1215 199 1250; x_wconf 89' lang='lat' dir='ltr'>a</span> <span class='ocrx_word' id='word_1_108' title='bbox 216 1196 358 1265; x_wconf 89' lang='lat' dir='ltr'>praemiis,</span> <span class='ocrx_word' id='word_1_109' title='bbox 383 1197 536 1250; x_wconf 86' lang='lat' dir='ltr'>certamina</span> <span class='ocrx_word' id='word_1_110' title='bbox 555 1213 572 1249; x_wconf 92' lang='lat' dir='ltr'>a</span> <span class='ocrx_word' id='word_1_111' title='bbox 591 1196 707 1249; x_wconf 89' lang='lat' dir='ltr'>diversis</span> <span class='ocrx_word' id='word_1_112' title='bbox 727 1195 926 1250; x_wconf 75' lang='lat' dir='ltr'>certaminibus</span> <span class='ocrx_word' id='word_1_113' title='bbox 950 1199 1123 1264; x_wconf 86' lang='lat' dir='ltr'>separantur.</span> 
     </span>
    </p>
   </div>
   <div class='ocr_carea' id='block_1_6' title="bbox 101 1283 1167 2069">
    <p class='ocr_par' dir='ltr' id='par_1_6' title="bbox 101 1283 1167 2069">
     <span class='ocr_line' id='line_1_15' title="bbox 175 1283 1164 1354; baseline -0.001 -16"><span class='ocrx_word' id='word_1_114' title='bbox 175 1292 211 1354; x_wconf 92' lang='lat'>&gt;</span> <span class='ocrx_word' id='word_1_115' title='bbox 231 1285 328 1354; x_wconf 88' lang='lat' dir='ltr'>diplen</span> <span class='ocrx_word' id='word_1_116' title='bbox 347 1283 532 1352; x_wconf 85' lang='lat' dir='ltr'>aperistikton</span> <span class='ocrx_word' id='word_1_117' title='bbox 550 1285 656 1353; x_wconf 90' lang='lat' dir='ltr'>primus</span> <span class='ocrx_word' id='word_1_118' title='bbox 675 1284 814 1352; x_wconf 83' lang='lat' dir='ltr'>Leagoras</span> <span class='ocrx_word' id='word_1_119' title='bbox 829 1285 1019 1352; x_wconf 85' lang='lat' dir='ltr'>Syracusanus</span> <span class='ocrx_word' id='word_1_120' title='bbox 1039 1300 1124 1353; x_wconf 86' lang='lat' dir='ltr'>appo·</span> <span class='ocrx_word' id='word_1_121' title='bbox 1139 1289 1164 1328; x_wconf 77' lang='lat'>³5</span> 
     </span>
     <span class='ocr_line' id='line_1_16' title="bbox 106 1355 1125 1425; baseline -0.002 -13"><span class='ocrx_word' id='word_1_122' title='bbox 106 1357 165 1412; x_wconf 85' lang='lat' dir='ltr'>suit</span> <span class='ocrx_word' id='word_1_123' title='bbox 174 1356 333 1411; x_wconf 83' lang='lat' dir='ltr'>Homericis</span> <span class='ocrx_word' id='word_1_124' title='bbox 342 1355 467 1409; x_wconf 87' lang='lat' dir='ltr'>versibus</span> <span class='ocrx_word' id='word_1_125' title='bbox 483 1355 519 1409; x_wconf 90' lang='lat' dir='ltr'>ad</span> <span class='ocrx_word' id='word_1_126' title='bbox 534 1356 740 1424; x_wconf 87' lang='lat' dir='ltr'>separationem</span> <span class='ocrx_word' id='word_1_127' title='bbox 751 1355 864 1424; x_wconf 82' lang='lat' dir='ltr'>Olympi</span> <span class='ocrx_word' id='word_1_128' title='bbox 879 1372 895 1408; x_wconf 93' lang='lat' dir='ltr'>a</span> <span class='ocrx_word' id='word_1_129' title='bbox 910 1355 997 1422; x_wconf 89' lang='lat' dir='ltr'>caelo,</span> <span class='ocrx_word' id='word_1_130' title='bbox 1012 1357 1125 1425; x_wconf 88' lang='lat' dir='ltr'>proprie</span> 
     </span>
     <span class='ocr_line' id='line_1_17' title="bbox 101 1427 1125 1498; baseline -0.002 -15"><span class='ocrx_word' id='word_1_131' title='bbox 101 1428 258 1498; x_wconf 78' lang='lat' dir='ltr'>Olympum</span> <span class='ocrx_word' id='word_1_132' title='bbox 282 1427 316 1480; x_wconf 92' lang='lat' dir='ltr'>ab</span> <span class='ocrx_word' id='word_1_133' title='bbox 341 1445 373 1482; x_wconf 88' lang='lat' dir='ltr'>eo</span> <span class='ocrx_word' id='word_1_134' title='bbox 397 1444 447 1496; x_wconf 85' lang='lat' dir='ltr'>pro</span> <span class='ocrx_word' id='word_1_135' title='bbox 470 1429 565 1480; x_wconf 91' lang='lat' dir='ltr'>monte</span> <span class='ocrx_word' id='word_1_136' title='bbox 587 1427 711 1495; x_wconf 88' lang='lat' dir='ltr'>positum</span> <span class='ocrx_word' id='word_1_137' title='bbox 735 1427 886 1494; x_wconf 87' lang='lat' dir='ltr'>adnotans,</span> <span class='ocrx_word' id='word_1_138' title='bbox 912 1445 1051 1496; x_wconf 81' lang='lat' dir='ltr'>nusquam</span> <span class='ocrx_word' id='word_1_139' title='bbox 1073 1444 1125 1496; x_wconf 89' lang='lat' dir='ltr'>pro</span> 
     </span>
     <span class='ocr_line' id='line_1_18' title="bbox 102 1495 1125 1568; baseline 0.001 -14"><span class='ocrx_word' id='word_1_140' title='bbox 102 1499 194 1567; x_wconf 74' lang='lat' dir='ltr'>caelo,</span> <span class='ocrx_word' id='word_1_141' title='bbox 217 1500 294 1568; x_wconf 85' lang='lat' dir='ltr'>quod</span> <span class='ocrx_word' id='word_1_142' title='bbox 317 1514 401 1566; x_wconf 84' lang='lat' dir='ltr'>saepe</span> <span class='ocrx_word' id='word_1_143' title='bbox 427 1498 550 1566; x_wconf 76' lang='grc' dir='ltr'><strong><em>οὐρανὸν</em></strong></span> <span class='ocrx_word' id='word_1_144' title='bbox 574 1499 658 1566; x_wconf 75' lang='grc' dir='ltr'><em>εὐρύν</em></span> <span class='ocrx_word' id='word_1_145' title='bbox 684 1499 762 1552; x_wconf 83' lang='lat' dir='ltr'>dicat</span> <span class='ocrx_word' id='word_1_146' title='bbox 786 1501 814 1552; x_wconf 79' lang='lat' dir='ltr'>et</span> <span class='ocrx_word' id='word_1_147' title='bbox 840 1495 947 1566; x_wconf 79' lang='grc' dir='ltr'><strong><em>μακρὸν</em></strong></span> <span class='ocrx_word' id='word_1_148' title='bbox 966 1496 1125 1568; x_wconf 75' lang='grc' dir='ltr'><strong><em>Ὄλυμπον,</em></strong></span> 
     </span>
     <span class='ocr_line' id='line_1_19' title="bbox 103 1568 1125 1638; baseline -0.003 -13"><span class='ocrx_word' id='word_1_149' title='bbox 103 1587 198 1638; x_wconf 90' lang='lat' dir='ltr'>neque</span> <span class='ocrx_word' id='word_1_150' title='bbox 218 1587 233 1623; x_wconf 90' lang='lat' dir='ltr'>e</span> <span class='ocrx_word' id='word_1_151' title='bbox 253 1571 393 1624; x_wconf 87' lang='lat' dir='ltr'>contrario</span> <span class='ocrx_word' id='word_1_152' title='bbox 417 1570 543 1638; x_wconf 89' lang='lat' dir='ltr'>epitheta</span> <span class='ocrx_word' id='word_1_153' title='bbox 568 1572 716 1638; x_wconf 85' lang='lat' dir='ltr'>permutet.</span> <span class='ocrx_word' id='word_1_154' title='bbox 753 1568 878 1638; x_wconf 89' lang='lat' dir='ltr'>ponebat</span> <span class='ocrx_word' id='word_1_155' title='bbox 896 1573 991 1624; x_wconf 87' lang='lat' dir='ltr'>autem</span> <span class='ocrx_word' id='word_1_156' title='bbox 1009 1573 1069 1624; x_wconf 87' lang='lat' dir='ltr'>tam</span> <span class='ocrx_word' id='word_1_157' title='bbox 1089 1571 1125 1623; x_wconf 92' lang='lat' dir='ltr'>ad</span> 
     </span>
     <span class='ocr_line' id='line_1_20' title="bbox 102 1639 1166 1711; baseline -0.003 -16"><span class='ocrx_word' id='word_1_158' title='bbox 102 1642 210 1696; x_wconf 90' lang='lat' dir='ltr'>montis</span> <span class='ocrx_word' id='word_1_159' title='bbox 234 1639 454 1711; x_wconf 86' lang='lat' dir='ltr'>significationes</span> <span class='ocrx_word' id='word_1_160' title='bbox 479 1656 564 1708; x_wconf 89' lang='lat' dir='ltr'>qnam</span> <span class='ocrx_word' id='word_1_161' title='bbox 588 1639 624 1694; x_wconf 87' lang='lat' dir='ltr'>ad</span> <span class='ocrx_word' id='word_1_162' title='bbox 648 1641 732 1695; x_wconf 90' lang='lat' dir='ltr'>caeli:</span> <span class='ocrx_word' id='word_1_163' title='bbox 761 1640 902 1709; x_wconf 89' lang='lat' dir='ltr'>utrimque</span> <span class='ocrx_word' id='word_1_164' title='bbox 927 1641 1125 1695; x_wconf 85' lang='lat' dir='ltr'>manifestatur</span> <span class='ocrx_word' id='word_1_165' title='bbox 1139 1654 1166 1692; x_wconf 86' lang='grc' dir='ltr'>4ο</span> 
     </span>
     <span class='ocr_line' id='line_1_21' title="bbox 103 1711 1125 1780; baseline 0 -14"><span class='ocrx_word' id='word_1_166' title='bbox 103 1713 238 1768; x_wconf 87' lang='lat' dir='ltr'>voluntas</span> <span class='ocrx_word' id='word_1_167' title='bbox 262 1712 330 1766; x_wconf 86' lang='lat' dir='ltr'>cius.</span> <span class='ocrx_word' id='word_1_168' title='bbox 371 1730 437 1765; x_wconf 90' lang='lat' dir='ltr'>usus</span> <span class='ocrx_word' id='word_1_169' title='bbox 462 1715 491 1766; x_wconf 85' lang='lat' dir='ltr'>et</span> <span class='ocrx_word' id='word_1_170' title='bbox 513 1713 543 1765; x_wconf 92' lang='lat' dir='ltr'>iu</span> <span class='ocrx_word' id='word_1_171' title='bbox 565 1711 662 1765; x_wconf 88' lang='lat' dir='ltr'>multis</span> <span class='ocrx_word' id='word_1_172' title='bbox 685 1712 877 1779; x_wconf 76' lang='lat' dir='ltr'>Aristarchus,</span> <span class='ocrx_word' id='word_1_173' title='bbox 903 1730 977 1766; x_wconf 88' lang='lat' dir='ltr'>nunc</span> <span class='ocrx_word' id='word_1_174' title='bbox 997 1729 1030 1766; x_wconf 89' lang='lat' dir='ltr'>ea</span> <span class='ocrx_word' id='word_1_175' title='bbox 1053 1727 1125 1780; x_wconf 85' lang='lat' dir='ltr'>quae</span> 
     </span>
     <span class='ocr_line' id='line_1_22' title="bbox 101 1782 1126 1854; baseline -0.002 -16"><span class='ocrx_word' id='word_1_176' title='bbox 101 1787 219 1854; x_wconf 86' lang='lat' dir='ltr'>praeter</span> <span class='ocrx_word' id='word_1_177' title='bbox 239 1783 470 1838; x_wconf 87' lang='lat' dir='ltr'>consuetudinem</span> <span class='ocrx_word' id='word_1_178' title='bbox 492 1785 551 1836; x_wconf 88' lang='lat' dir='ltr'>tam</span> <span class='ocrx_word' id='word_1_179' title='bbox 574 1782 649 1837; x_wconf 89' lang='lat' dir='ltr'>vitae</span> <span class='ocrx_word' id='word_1_180' title='bbox 672 1785 785 1837; x_wconf 89' lang='lat' dir='ltr'>nostrae</span> <span class='ocrx_word' id='word_1_181' title='bbox 804 1800 889 1851; x_wconf 89' lang='lat' dir='ltr'>quam</span> <span class='ocrx_word' id='word_1_182' title='bbox 912 1783 1001 1852; x_wconf 87' lang='lat' dir='ltr'>ipsius</span> <span class='ocrx_word' id='word_1_183' title='bbox 1024 1787 1126 1853; x_wconf 89' lang='lat' dir='ltr'>poetae</span> 
     </span>
     <span class='ocr_line' id='line_1_23' title="bbox 103 1853 1126 1926; baseline 0 -17"><span class='ocrx_word' id='word_1_184' title='bbox 103 1855 183 1926; x_wconf 87' lang='lat' dir='ltr'>apud</span> <span class='ocrx_word' id='word_1_185' title='bbox 203 1873 268 1909; x_wconf 89' lang='lat' dir='ltr'>eum</span> <span class='ocrx_word' id='word_1_186' title='bbox 287 1853 478 1908; x_wconf 87' lang='lat' dir='ltr'>invenirentur</span> <span class='ocrx_word' id='word_1_187' title='bbox 496 1855 643 1920; x_wconf 85' lang='lat' dir='ltr'>adnotans,</span> <span class='ocrx_word' id='word_1_188' title='bbox 667 1872 742 1908; x_wconf 92' lang='lat' dir='ltr'>nunc</span> <span class='ocrx_word' id='word_1_189' title='bbox 760 1855 887 1923; x_wconf 86' lang='lat' dir='ltr'>proprias</span> <span class='ocrx_word' id='word_1_190' title='bbox 906 1855 995 1924; x_wconf 88' lang='lat' dir='ltr'>ipsius</span> <span class='ocrx_word' id='word_1_191' title='bbox 1014 1855 1126 1926; x_wconf 87' lang='lat' dir='ltr'>figuras,</span> 
     </span>
     <span class='ocr_line' id='line_1_24' title="bbox 103 1925 1126 1995; baseline -0.003 -13"><span class='ocrx_word' id='word_1_192' title='bbox 103 1926 251 1981; x_wconf 89' lang='lat' dir='ltr'>interdum</span> <span class='ocrx_word' id='word_1_193' title='bbox 265 1943 299 1980; x_wconf 87' lang='lat' dir='ltr'>ea</span> <span class='ocrx_word' id='word_1_194' title='bbox 312 1926 343 1978; x_wconf 92' lang='lat' dir='ltr'>in</span> <span class='ocrx_word' id='word_1_195' title='bbox 356 1925 458 1994; x_wconf 88' lang='lat' dir='ltr'>quibus</span> <span class='ocrx_word' id='word_1_196' title='bbox 474 1925 601 1994; x_wconf 87' lang='lat' dir='ltr'>copiosus</span> <span class='ocrx_word' id='word_1_197' title='bbox 613 1929 663 1994; x_wconf 87' lang='lat' dir='ltr'>est,</span> <span class='ocrx_word' id='word_1_198' title='bbox 677 1943 772 1979; x_wconf 85' lang='lat' dir='ltr'>rursus</span> <span class='ocrx_word' id='word_1_199' title='bbox 787 1943 859 1994; x_wconf 90' lang='lat' dir='ltr'>quae</span> <span class='ocrx_word' id='word_1_200' title='bbox 874 1926 960 1980; x_wconf 87' lang='lat' dir='ltr'>semel</span> <span class='ocrx_word' id='word_1_201' title='bbox 976 1927 1052 1995; x_wconf 89' lang='lat' dir='ltr'>apud</span> <span class='ocrx_word' id='word_1_202' title='bbox 1064 1944 1126 1980; x_wconf 86' lang='lat' dir='ltr'>eum</span> 
     </span>
     <span class='ocr_line' id='line_1_25' title="bbox 104 1997 1167 2069; baseline -0.005 -15"><span class='ocrx_word' id='word_1_203' title='bbox 104 2001 288 2069; x_wconf 86' lang='lat' dir='ltr'>ponerentur.</span> <span class='ocrx_word' id='word_1_204' title='bbox 325 1997 455 2051; x_wconf 84' lang='lat' dir='ltr'>similiter</span> <span class='ocrx_word' id='word_1_205' title='bbox 473 1997 503 2050; x_wconf 91' lang='lat' dir='ltr'>in</span> <span class='ocrx_word' id='word_1_206' title='bbox 521 1998 624 2051; x_wconf 82' lang='lat' dir='ltr'>nostris</span> <span class='ocrx_word' id='word_1_207' title='bbox 644 1998 805 2051; x_wconf 84' lang='lat' dir='ltr'>auctoribus</span> <span class='ocrx_word' id='word_1_208' title='bbox 824 1997 938 2052; x_wconf 87' lang='lat' dir='ltr'>Probus.</span> <span class='ocrx_word' id='word_1_209' title='bbox 1141 2011 1167 2050; x_wconf 82' lang='lat'>45</span> 
     </span>
    </p>
   </div>
   <div class='ocr_carea' id='block_1_7' title="bbox 102 2085 1128 2301">
    <p class='ocr_par' dir='ltr' id='par_1_7' title="bbox 102 2085 1128 2301">
     <span class='ocr_line' id='line_1_26' title="bbox 178 2085 1126 2159; baseline 0.002 -20"><span class='ocrx_word' id='word_1_210' title='bbox 178 2089 213 2156; x_wconf 70' lang='grc'><em>&gt;</em></span> <span class='ocrx_word' id='word_1_211' title='bbox 231 2086 308 2156; x_wconf 86' lang='lat' dir='ltr'>diple</span> <span class='ocrx_word' id='word_1_212' title='bbox 321 2085 538 2156; x_wconf 81' lang='lat' dir='ltr'>periestigmene</span> <span class='ocrx_word' id='word_1_213' title='bbox 553 2087 747 2156; x_wconf 89' lang='lat' dir='ltr'>apponebatur</span> <span class='ocrx_word' id='word_1_214' title='bbox 761 2087 812 2159; x_wconf 89' lang='lat' dir='ltr'>&lt;in</span> <span class='ocrx_word' id='word_1_215' title='bbox 826 2087 901 2159; x_wconf 74' lang='lat' dir='ltr'>his),</span> <span class='ocrx_word' id='word_1_216' title='bbox 916 2103 988 2155; x_wconf 83' lang='lat' dir='ltr'>quae</span> <span class='ocrx_word' id='word_1_217' title='bbox 1002 2087 1126 2142; x_wconf 88' lang='lat' dir='ltr'>Zenodo-</span> 
     </span>
     <span class='ocr_line' id='line_1_27' title="bbox 102 2158 1128 2228; baseline -0.001 -15"><span class='ocrx_word' id='word_1_218' title='bbox 102 2164 151 2214; x_wconf 90' lang='lat' dir='ltr'>tus</span> <span class='ocrx_word' id='word_1_219' title='bbox 176 2158 316 2228; x_wconf 84' lang='lat' dir='ltr'>Ephesius</span> <span class='ocrx_word' id='word_1_220' title='bbox 339 2175 395 2212; x_wconf 90' lang='lat' dir='ltr'>non</span> <span class='ocrx_word' id='word_1_221' title='bbox 418 2161 494 2212; x_wconf 87' lang='lat' dir='ltr'>recte</span> <span class='ocrx_word' id='word_1_222' title='bbox 517 2159 658 2212; x_wconf 85' lang='lat' dir='ltr'>adiecerat</span> <span class='ocrx_word' id='word_1_223' title='bbox 682 2161 731 2212; x_wconf 90' lang='lat' dir='ltr'>aut</span> <span class='ocrx_word' id='word_1_224' title='bbox 757 2159 916 2212; x_wconf 83' lang='lat' dir='ltr'>detraxerat</span> <span class='ocrx_word' id='word_1_225' title='bbox 943 2161 992 2212; x_wconf 89' lang='lat' dir='ltr'>aut</span> <span class='ocrx_word' id='word_1_226' title='bbox 1017 2176 1128 2227; x_wconf 86' lang='lat' dir='ltr'>permu-</span> 
     </span>
     <span class='ocr_line' id='line_1_28' title="bbox 103 2230 739 2301; baseline 0 -17"><span class='ocrx_word' id='word_1_227' title='bbox 103 2233 226 2284; x_wconf 86' lang='lat' dir='ltr'>taverat.</span> <span class='ocrx_word' id='word_1_228' title='bbox 260 2231 302 2301; x_wconf 92' lang='lat' dir='ltr'>[in</span> <span class='ocrx_word' id='word_1_229' title='bbox 320 2230 377 2301; x_wconf 85' lang='lat' dir='ltr'>his]</span> <span class='ocrx_word' id='word_1_230' title='bbox 397 2232 426 2282; x_wconf 87' lang='lat' dir='ltr'>et</span> <span class='ocrx_word' id='word_1_231' title='bbox 443 2230 532 2284; x_wconf 84' lang='lat' dir='ltr'>nostri</span> <span class='ocrx_word' id='word_1_232' title='bbox 551 2245 585 2283; x_wconf 87' lang='lat' dir='ltr'>ea</span> <span class='ocrx_word' id='word_1_233' title='bbox 602 2230 647 2284; x_wconf 89' lang='lat' dir='ltr'>usi</span> <span class='ocrx_word' id='word_1_234' title='bbox 666 2231 739 2284; x_wconf 89' lang='lat' dir='ltr'>sunt.</span> 
     </span>
    </p>
   </div>
   <div class='ocr_carea' id='block_1_8' title="bbox 104 2309 1170 2445">
    <p class='ocr_par' dir='ltr' id='par_1_8' title="bbox 104 2309 1170 2445">
     <span class='ocr_line' id='line_1_29' title="bbox 127 2309 1128 2389; baseline 0 -17"><span class='ocrx_word' id='word_1_235' title='bbox 127 2309 140 2332; x_wconf 88' lang='lat'>&#39;</span> <span class='ocrx_word' id='word_1_236' title='bbox 180 2330 199 2382; x_wconf 66' lang='grc' dir='ltr'>ο</span> <span class='ocrx_word' id='word_1_237' title='bbox 219 2318 373 2389; x_wconf 79' lang='lat' dir='ltr'>antisigma</span> <span class='ocrx_word' id='word_1_238' title='bbox 396 2319 554 2387; x_wconf 87' lang='lat' dir='ltr'>ponebatur</span> <span class='ocrx_word' id='word_1_239' title='bbox 577 2319 613 2373; x_wconf 87' lang='lat' dir='ltr'>ad</span> <span class='ocrx_word' id='word_1_240' title='bbox 638 2334 684 2372; x_wconf 87' lang='lat' dir='ltr'>eos</span> <span class='ocrx_word' id='word_1_241' title='bbox 708 2334 815 2385; x_wconf 86' lang='lat' dir='ltr'>versus,</span> <span class='ocrx_word' id='word_1_242' title='bbox 840 2334 957 2386; x_wconf 88' lang='lat' dir='ltr'>quorum</span> <span class='ocrx_word' id='word_1_243' title='bbox 981 2319 1128 2387; x_wconf 86' lang='lat' dir='ltr'>ordo&#39;per·</span> 
     </span>
     <span class='ocr_line' id='line_1_30' title="bbox 104 2389 1170 2445; baseline -0.002 0"><span class='ocrx_word' id='word_1_244' title='bbox 104 2390 262 2445; x_wconf 87' lang='lat' dir='ltr'>mutandus</span> <span class='ocrx_word' id='word_1_245' title='bbox 282 2393 350 2444; x_wconf 88' lang='lat' dir='ltr'>erat.</span> <span class='ocrx_word' id='word_1_246' title='bbox 380 2391 421 2444; x_wconf 89' lang='lat' dir='ltr'>sio</span> <span class='ocrx_word' id='word_1_247' title='bbox 439 2392 469 2444; x_wconf 90' lang='lat' dir='ltr'>et</span> <span class='ocrx_word' id='word_1_248' title='bbox 486 2390 516 2443; x_wconf 93' lang='lat' dir='ltr'>in</span> <span class='ocrx_word' id='word_1_249' title='bbox 535 2390 638 2444; x_wconf 86' lang='lat' dir='ltr'>nostris</span> <span class='ocrx_word' id='word_1_250' title='bbox 657 2389 818 2444; x_wconf 86' lang='lat' dir='ltr'>auctoribus</span> <span class='ocrx_word' id='word_1_251' title='bbox 836 2389 985 2444; x_wconf 86' lang='lat' dir='ltr'>invenitur.</span> <span class='ocrx_word' id='word_1_252' title='bbox 1080 2435 1082 2440; x_wconf 95' lang='lat'>.</span> <span class='ocrx_word' id='word_1_253' title='bbox 1144 2394 1170 2434; x_wconf 85' lang='lat'>5⁰</span> 
     </span>
    </p>
   </div>
   <div class='ocr_carea' id='block_1_9' title="bbox 104 2469 1129 2772">
    <p class='ocr_par' dir='ltr' id='par_1_9' title="bbox 104 2469 1129 2684">
     <span class='ocr_line' id='line_1_31' title="bbox 181 2469 1129 2544; baseline 0 -20"><span class='ocrx_word' id='word_1_254' title='bbox 181 2475 200 2544; x_wconf 73' lang='lat'>3‘</span> <span class='ocrx_word' id='word_1_255' title='bbox 226 2469 378 2541; x_wconf 80' lang='lat' dir='ltr'>antisigma</span> <span class='ocrx_word' id='word_1_256' title='bbox 401 2487 464 2524; x_wconf 91' lang='lat' dir='ltr'>cum</span> <span class='ocrx_word' id='word_1_257' title='bbox 480 2473 591 2539; x_wconf 70' lang='lat' dir='ltr'>‚puncto</span> <span class='ocrx_word' id='word_1_258' title='bbox 610 2471 781 2539; x_wconf 85' lang='lat' dir='ltr'>ponebatur,</span> <span class='ocrx_word' id='word_1_259' title='bbox 805 2487 869 2524; x_wconf 90' lang='lat' dir='ltr'>cum</span> <span class='ocrx_word' id='word_1_260' title='bbox 888 2470 1011 2524; x_wconf 86' lang='lat' dir='ltr'>eiusdem</span> <span class='ocrx_word' id='word_1_261' title='bbox 1032 2487 1129 2524; x_wconf 90' lang='lat' dir='ltr'>sensus</span> 
     </span>
     <span class='ocr_line' id='line_1_32' title="bbox 105 2541 1129 2612; baseline 0 -16"><span class='ocrx_word' id='word_1_262' title='bbox 105 2561 204 2598; x_wconf 83' lang='lat' dir='ltr'>versus</span> <span class='ocrx_word' id='word_1_263' title='bbox 228 2541 355 2610; x_wconf 87' lang='lat' dir='ltr'>duplices</span> <span class='ocrx_word' id='word_1_264' title='bbox 380 2545 473 2596; x_wconf 79' lang='lat' dir='ltr'>essent</span> <span class='ocrx_word' id='word_1_265' title='bbox 492 2544 521 2596; x_wconf 88' lang='lat' dir='ltr'>et</span> <span class='ocrx_word' id='word_1_266' title='bbox 539 2541 729 2609; x_wconf 83' lang='lat' dir='ltr'>dubitaretur,</span> <span class='ocrx_word' id='word_1_267' title='bbox 753 2543 802 2609; x_wconf 85' lang='lat' dir='ltr'>qui</span> <span class='ocrx_word' id='word_1_268' title='bbox 820 2541 914 2610; x_wconf 90' lang='lat' dir='ltr'>potius</span> <span class='ocrx_word' id='word_1_269' title='bbox 934 2542 1055 2612; x_wconf 85' lang='lat' dir='ltr'>legendi.</span> <span class='ocrx_word' id='word_1_270' title='bbox 1090 2543 1129 2596; x_wconf 91' lang='lat' dir='ltr'>sic</span> 
     </span>
     <span class='ocr_line' id='line_1_33' title="bbox 104 2614 367 2684; baseline -0.015 -14"><span class='ocrx_word' id='word_1_271' title='bbox 104 2618 136 2670; x_wconf 87' lang='lat' dir='ltr'>et</span> <span class='ocrx_word' id='word_1_272' title='bbox 152 2614 231 2684; x_wconf 88' lang='lat' dir='ltr'>apud</span> <span class='ocrx_word' id='word_1_273' title='bbox 248 2615 367 2667; x_wconf 87' lang='lat' dir='ltr'>nostros.</span> 
     </span>
    </p>

    <p class='ocr_par' dir='ltr' id='par_1_10' title="bbox 180 2689 952 2772">
     <span class='ocr_line' id='line_1_34' title="bbox 180 2689 952 2772; baseline -0.004 -14"><span class='ocrx_word' id='word_1_274' title='bbox 180 2689 202 2758; x_wconf 73' lang='lat' dir='ltr'>h</span> <span class='ocrx_word' id='word_1_275' title='bbox 226 2702 335 2757; x_wconf 88' lang='lat' dir='ltr'>coronis</span> <span class='ocrx_word' id='word_1_276' title='bbox 354 2705 466 2757; x_wconf 87' lang='lat' dir='ltr'>tantum</span> <span class='ocrx_word' id='word_1_277' title='bbox 484 2701 514 2756; x_wconf 90' lang='lat' dir='ltr'>in</span> <span class='ocrx_word' id='word_1_278' title='bbox 533 2703 587 2757; x_wconf 86' lang='lat' dir='ltr'>fine</span> <span class='ocrx_word' id='word_1_279' title='bbox 605 2702 673 2757; x_wconf 86' lang='lat' dir='ltr'>libri</span> <span class='ocrx_word' id='word_1_280' title='bbox 692 2703 786 2772; x_wconf 86' lang='lat' dir='ltr'>posita</span> <span class='ocrx_word' id='word_1_281' title='bbox 805 2702 952 2756; x_wconf 87' lang='lat' dir='ltr'>invenitur.</span> 
     </span>
    </p>
   </div>
   <div class='ocr_carea' id='block_1_10' title="bbox 106 2782 1170 2925">
    <p class='ocr_par' dir='ltr' id='par_1_11' title="bbox 106 2782 1170 2925">
     <span class='ocr_line' id='line_1_35' title="bbox 181 2782 1170 2852; baseline -0.003 -12"><span class='ocrx_word' id='word_1_282' title='bbox 181 2787 206 2840; x_wconf 76' lang='lat' dir='ltr'>l&lt;</span> <span class='ocrx_word' id='word_1_283' title='bbox 225 2783 387 2838; x_wconf 88' lang='lat' dir='ltr'>ceraunium</span> <span class='ocrx_word' id='word_1_284' title='bbox 409 2782 535 2852; x_wconf 83' lang='lat' dir='ltr'>ponitur,</span> <span class='ocrx_word' id='word_1_285' title='bbox 560 2783 691 2851; x_wconf 88' lang='lat' dir='ltr'>quotiens</span> <span class='ocrx_word' id='word_1_286' title='bbox 714 2783 796 2836; x_wconf 88' lang='lat' dir='ltr'>multi</span> <span class='ocrx_word' id='word_1_287' title='bbox 820 2799 916 2837; x_wconf 87' lang='lat' dir='ltr'>versus</span> <span class='ocrx_word' id='word_1_288' title='bbox 936 2783 1129 2852; x_wconf 82' lang='lat' dir='ltr'>inprobantur,</span> <span class='ocrx_word' id='word_1_289' title='bbox 1145 2786 1170 2826; x_wconf 83' lang='lat'>55</span> 
     </span>
     <span class='ocr_line' id='line_1_36' title="bbox 106 2854 535 2925; baseline -0.007 -14"><span class='ocrx_word' id='word_1_290' title='bbox 106 2872 144 2911; x_wconf 91' lang='lat' dir='ltr'>ne</span> <span class='ocrx_word' id='word_1_291' title='bbox 164 2872 216 2924; x_wconf 85' lang='lat' dir='ltr'>per</span> <span class='ocrx_word' id='word_1_292' title='bbox 235 2855 361 2925; x_wconf 81' lang='lat' dir='ltr'>singulos</span> <span class='ocrx_word' id='word_1_293' title='bbox 380 2854 535 2908; x_wconf 78' lang='lat' dir='ltr'>obelantur.</span> 
     </span>
    </p>
   </div>
   <div class='ocr_carea' id='block_1_11' title="bbox 106 2909 1172 3226">
    <p class='ocr_par' dir='ltr' id='par_1_12' title="bbox 106 2909 1131 3076">
     <span class='ocr_line' id='line_1_37' title="bbox 191 2909 1131 3003; baseline 0 -15"><span class='ocrx_word' id='word_1_294' title='bbox 191 2937 226 3002; x_wconf 69' lang='grc' dir='ltr'>ε</span> <span class='ocrx_word' id='word_1_295' title='bbox 245 2951 342 2988; x_wconf 88' lang='lat' dir='ltr'>aversa</span> <span class='ocrx_word' id='word_1_296' title='bbox 361 2934 530 2988; x_wconf 88' lang='lat' dir='ltr'>obelismene</span> <span class='ocrx_word' id='word_1_297' title='bbox 545 2939 563 3002; x_wconf 87' lang='lat'>†</span> <span class='ocrx_word' id='word_1_298' title='bbox 577 2934 607 2987; x_wconf 92' lang='lat' dir='ltr'>iu</span> <span class='ocrx_word' id='word_1_299' title='bbox 632 2951 680 2989; x_wconf 88' lang='lat' dir='ltr'>ore</span> <span class='ocrx_word' id='word_1_300' title='bbox 708 2935 834 3003; x_wconf 88' lang='lat' dir='ltr'>ponitur,</span> <span class='ocrx_word' id='word_1_301' title='bbox 861 2950 933 3002; x_wconf 90' lang='lat' dir='ltr'>quae</span> <span class='ocrx_word' id='word_1_302' title='bbox 960 2936 995 2988; x_wconf 93' lang='lat' dir='ltr'>ad</span> <span class='ocrx_word' id='word_1_303' title='bbox 1022 2909 1131 3003; x_wconf 65' lang='lat' dir='ltr'>aliquid</span> 
     </span>
     <span class='ocr_line' id='line_1_38' title="bbox 106 3005 1129 3076; baseline 0 -16"><span class='ocrx_word' id='word_1_304' title='bbox 106 3006 273 3075; x_wconf 89' lang='lat' dir='ltr'>respiciunt,</span> <span class='ocrx_word' id='word_1_305' title='bbox 292 3007 325 3058; x_wconf 91' lang='lat' dir='ltr'>ut</span> <span class='ocrx_word' id='word_1_306' title='bbox 343 3006 436 3076; x_wconf 66' lang='lat' dir='ltr'>[Vero.</span> <span class='ocrx_word' id='word_1_307' title='bbox 456 3008 525 3060; x_wconf 81' lang='lat' dir='ltr'>Aca.</span> <span class='ocrx_word' id='word_1_308' title='bbox 545 3011 588 3074; x_wconf 83' lang='lat'>10,</span> <span class='ocrx_word' id='word_1_309' title='bbox 602 3007 651 3076; x_wconf 77' lang='lat'>88]</span> <span class='ocrx_word' id='word_1_310' title='bbox 673 3007 770 3060; x_wconf 77' lang='lat' dir='ltr'>‘nosne</span> <span class='ocrx_word' id='word_1_311' title='bbox 789 3005 843 3059; x_wconf 91' lang='lat' dir='ltr'>tibi</span> <span class='ocrx_word' id='word_1_312' title='bbox 862 3006 950 3060; x_wconf 86' lang='lat' dir='ltr'>fluxas</span> <span class='ocrx_word' id='word_1_313' title='bbox 969 3007 1129 3076; x_wconf 63' lang='lat' dir='ltr'>Phrygiae!</span> 
     </span>
    </p>

    <p class='ocr_par' dir='ltr' id='par_1_13' title="bbox 109 3093 1172 3226">
     <span class='ocr_line' id='line_1_39' title="bbox 182 3093 1131 3163; baseline 0 -13"><span class='ocrx_word' id='word_1_314' title='bbox 182 3107 218 3134; x_wconf 47' lang='grc' dir='ltr'>ὲ</span> <span class='ocrx_word' id='word_1_315' title='bbox 237 3093 334 3150; x_wconf 87' lang='lat' dir='ltr'>obelus</span> <span class='ocrx_word' id='word_1_316' title='bbox 354 3111 417 3148; x_wconf 89' lang='lat' dir='ltr'>cnm</span> <span class='ocrx_word' id='word_1_317' title='bbox 435 3098 540 3163; x_wconf 87' lang='lat' dir='ltr'>puncto</span> <span class='ocrx_word' id='word_1_318' title='bbox 555 3095 591 3148; x_wconf 89' lang='lat' dir='ltr'>ad</span> <span class='ocrx_word' id='word_1_319' title='bbox 607 3113 648 3161; x_wconf 90' lang='lat' dir='ltr'>ea,</span> <span class='ocrx_word' id='word_1_320' title='bbox 669 3095 820 3162; x_wconf 89' lang='lat' dir='ltr'>dequibus</span> <span class='ocrx_word' id='word_1_321' title='bbox 837 3095 991 3162; x_wconf 90' lang='lat' dir='ltr'>dubitatur,</span> <span class='ocrx_word' id='word_1_322' title='bbox 1005 3095 1069 3150; x_wconf 91' lang='lat' dir='ltr'>tolli</span> <span class='ocrx_word' id='word_1_323' title='bbox 1084 3097 1131 3150; x_wconf 86' lang='lat' dir='ltr'>de-</span> 
     </span>
     <span class='ocr_line' id='line_1_40' title="bbox 109 3169 1172 3226; baseline -0.003 -4"><span class='ocrx_word' id='word_1_324' title='bbox 109 3169 197 3222; x_wconf 85' lang='lat' dir='ltr'>beant</span> <span class='ocrx_word' id='word_1_325' title='bbox 215 3183 311 3220; x_wconf 89' lang='lat' dir='ltr'>necne.</span> <span class='ocrx_word' id='word_1_326' title='bbox 1146 3187 1172 3226; x_wconf 73' lang='lat' dir='ltr'>so</span> 
     </span>
    </p>
   </div>
   <div class='ocr_carea' id='block_1_12' title="bbox 109 3245 1133 3389">
    <p class='ocr_par' dir='ltr' id='par_1_14' title="bbox 109 3245 1133 3389">
     <span class='ocr_line' id='line_1_41' title="bbox 181 3245 1133 3316; baseline 0 -16"><span class='ocrx_word' id='word_1_327' title='bbox 181 3251 261 3316; x_wconf 93' lang='lat'>&gt;-</span> <span class='ocrx_word' id='word_1_328' title='bbox 286 3245 362 3316; x_wconf 89' lang='lat' dir='ltr'>diple</span> <span class='ocrx_word' id='word_1_329' title='bbox 395 3246 565 3300; x_wconf 88' lang='lat' dir='ltr'>obelismene</span> <span class='ocrx_word' id='word_1_330' title='bbox 599 3247 635 3299; x_wconf 90' lang='lat' dir='ltr'>ad</span> <span class='ocrx_word' id='word_1_331' title='bbox 667 3247 837 3314; x_wconf 85' lang='lat' dir='ltr'>separandas</span> <span class='ocrx_word' id='word_1_332' title='bbox 865 3245 895 3298; x_wconf 91' lang='lat' dir='ltr'>in</span> <span class='ocrx_word' id='word_1_333' title='bbox 924 3247 1075 3301; x_wconf 90' lang='lat' dir='ltr'>comoediis</span> <span class='ocrx_word' id='word_1_334' title='bbox 1103 3249 1133 3300; x_wconf 90' lang='lat' dir='ltr'>et</span> 
     </span>
     <span class='ocr_line' id='line_1_42' title="bbox 109 3317 424 3389; baseline -0.01 -15"><span class='ocrx_word' id='word_1_335' title='bbox 109 3317 267 3389; x_wconf 80' lang='lat' dir='ltr'>tragoediis</span> <span class='ocrx_word' id='word_1_336' title='bbox 285 3317 424 3387; x_wconf 86' lang='lat' dir='ltr'>periodos.</span> 
     </span>
    </p>
   </div>
   <div class='ocr_carea' id='block_1_13' title="bbox 184 3397 1044 3467">
    <p class='ocr_par' dir='ltr' id='par_1_15' title="bbox 184 3397 1044 3467">
     <span class='ocr_line' id='line_1_43' title="bbox 184 3397 1044 3467; baseline 0.002 -17"><span class='ocrx_word' id='word_1_337' title='bbox 184 3401 264 3465; x_wconf 90' lang='lat'>-&lt;</span> <span class='ocrx_word' id='word_1_338' title='bbox 283 3413 386 3463; x_wconf 84' lang='lat' dir='ltr'>avorsa,</span> <span class='ocrx_word' id='word_1_339' title='bbox 407 3399 535 3465; x_wconf 79' lang='lat' dir='ltr'>quotiens</span> <span class='ocrx_word' id='word_1_340' title='bbox 555 3398 687 3467; x_wconf 88' lang='lat' dir='ltr'>strophae</span> <span class='ocrx_word' id='word_1_341' title='bbox 707 3397 897 3466; x_wconf 89' lang='lat' dir='ltr'>antistrophos</span> <span class='ocrx_word' id='word_1_342' title='bbox 916 3397 1044 3452; x_wconf 83' lang='lat' dir='ltr'>infertur.</span> 
     </span>
    </p>
   </div>
   <div class='ocr_carea' id='block_1_14' title="bbox 110 3475 1172 3628">
    <p class='ocr_par' dir='ltr' id='par_1_16' title="bbox 110 3475 1172 3628">
     <span class='ocr_line' id='line_1_44' title="bbox 181 3475 1131 3558; baseline -0.003 -19"><span class='ocrx_word' id='word_1_343' title='bbox 181 3475 221 3558; x_wconf 60' lang='lat'>5</span> <span class='ocrx_word' id='word_1_344' title='bbox 238 3487 314 3556; x_wconf 89' lang='lat' dir='ltr'>diple</span> <span class='ocrx_word' id='word_1_345' title='bbox 333 3504 451 3556; x_wconf 88' lang='lat' dir='ltr'>superne</span> <span class='ocrx_word' id='word_1_346' title='bbox 471 3486 584 3542; x_wconf 87' lang='lat' dir='ltr'>obelata</span> <span class='ocrx_word' id='word_1_347' title='bbox 601 3487 716 3556; x_wconf 87' lang='lat' dir='ltr'>ponitur</span> <span class='ocrx_word' id='word_1_348' title='bbox 735 3487 772 3540; x_wconf 90' lang='lat' dir='ltr'>ad</span> <span class='ocrx_word' id='word_1_349' title='bbox 791 3486 984 3541; x_wconf 88' lang='lat' dir='ltr'>condicionem</span> <span class='ocrx_word' id='word_1_350' title='bbox 1007 3487 1131 3540; x_wconf 89' lang='lat' dir='ltr'>locorum</span> 
     </span>
     <span class='ocr_line' id='line_1_45' title="bbox 110 3558 1172 3628; baseline -0.004 -14"><span class='ocrx_word' id='word_1_351' title='bbox 110 3559 155 3614; x_wconf 83' lang='lat' dir='ltr'>vel</span> <span class='ocrx_word' id='word_1_352' title='bbox 175 3561 334 3628; x_wconf 86' lang='lat' dir='ltr'>temporum</span> <span class='ocrx_word' id='word_1_353' title='bbox 353 3558 399 3613; x_wconf 83' lang='lat' dir='ltr'>vel</span> <span class='ocrx_word' id='word_1_354' title='bbox 417 3575 599 3628; x_wconf 84' lang='lat' dir='ltr'>personarum</span> <span class='ocrx_word' id='word_1_355' title='bbox 617 3561 764 3612; x_wconf 83' lang='lat' dir='ltr'>mutatam.</span> <span class='ocrx_word' id='word_1_356' title='bbox 1146 3565 1172 3606; x_wconf 71' lang='lat'>65</span> 
     </span>
    </p>
   </div>
   <div class='ocr_carea' id='block_1_15' title="bbox 0 0 1243 3900">
    <p class='ocr_par' dir='ltr' id='par_1_17' title="bbox 0 0 1243 3900">
     <span class='ocr_line' id='line_1_46' title="bbox 0 0 1243 3900; baseline 0 0"><span class='ocrx_word' id='word_1_357' title='bbox 0 0 1243 3900; x_wconf 95' lang='lat' dir='ltr'> </span> 
     </span>
    </p>
   </div>
  </div>
 </body>
</html>
