2444 3902
189 194 253 258 156
334 193 542 248 Grammaticae
561 194 664 247 aetatis
683 192 876 247 varronianae
894 192 1056 264 fragmenta

260 353 341 408 aar.
356 372 386 424 p.
407 358 467 420 141,
480 357 518 408 24
536 361 581 418 (=
600 353 676 407 Plin.
693 353 758 408 dub.
776 371 853 408 serm.
868 355 1187 424 p.25,1513.)purc1n.

188 439 270 480 cm
283 457 308 466 -
323 443 418 490 purum,
437 423 583 478 Cornelius
597 424 692 494 Nepos
708 424 871 479 inlustrium
884 425 937 478 XV
955 443 972 479 a
986 443 1003 479 a
1022 425 1071 496 [fr.
1084 425 1155 496 2P.]
1169 428 1188 475 et
1209 471 1210 488 ,

188 496 296 550 Ennius
314 497 393 568 [aaa.
409 501 463 550 593
479 498 509 551 V.
556 495 681 564 ‘iamque
694 495 754 550 fera
767 500 904 564 quattuor
920 498 1056 566 partum'‚
1075 497 1189 565 quonian
1209 507 1210 566 ζ

189 568 225 621 ab
239 568 294 621 hac
306 570 388 637 parte
401 567 473 620 facit
487 569 516 620 et
594 570 698 637 partes.
725 567 776 621 aed
789 567 972 634 consuetudo,
986 567 1188 636 inquitplinin
1209 621 1210 642 χ

189 643 222 692 ut
239 638 439 709 praegnatium
458 637 629 709 [regnatium
647 639 718 710 cod]
738 638 928 708 optimatium.
1209 645 1210 686 ἶ

256 880 287 937 in
319 879 404 938 libris
436 879 600 956 analogicis
625 784 852 938 didiscimus
883 879 966 937 modi
998 874 1192 958 [omelioosel

190 968 303 1028 dalioos
330 969 496 1042 circulares
524 970 677 1026 nominum
706 973 830 1040 quartae
859 963 1076 1048 declinationis]
1109 967 1193 1027 sinei

190 1059 292 1116 littera
315 1057 441 1116 dicenda
462 1061 562 1115 censet
585 1050 735 1136 [Cacsar]¹

264 1155 332 1209 Gall.
352 1159 461 1222 4,16‚8
478 1153 506 1207 C.
522 1154 609 1208 ctiam
624 1153 727 1208 Cacsar
740 1155 834 1224 gravia
849 1157 947 1208 auctor
960 1154 1081 1208 Latinae
1096 1154 1193 1224 linguae

191 1226 221 1280 in
245 1226 416 1280 Anticatone
444 1227 552 1296 [3,145
571 1226 717 1296 Kaebler]:
748 1225 862 1279 ‘unius'
891 1225 986 1294 iuquit
1015 1227 1095 1280 ‘arro
1132 1223 1193 1277 ntiae

191 1297 340 1368 superbiae
366 1296 590 1364 dominatuque’.
626 1297 697 1350 item
715 1297 745 1350 in
763 1296 942 1351 Dolabellam
960 1297 1083 1351 actionis
1129 1292 1194 1348 libl

192 1371 230 1441 [3,
241 1374 293 1424 135
304 1369 401 1440 Kuc.]:
422 1367 490 1434 ‘isti
506 1385 625 1436 quorum
637 1367 667 1421 in
683 1368 802 1423 aedibus
816 1368 946 1437 fanisque
960 1368 1055 1438 posita
1070 1371 1100 1423 et
1112 1363 1194 1422 honori

191 1443 272 1495 erant
299 1443 328 1494 et
353 1441 474 1494 ornatu'.
511 1455 537 1494 n
554 1455 619 1494 narn
646 1456 758 1509 quoque
785 1455 909 1504 annonara
922 1472 949 1479 -
962 1458 1043 1494 mr.
1081 1441 1115 1507 cf.
1135 1439 1193 1492 Non

186 1529 217 1581 p.
229 1516 340 1578 501‚24.
359 1513 447 1567 Prisc.
456 1529 486 1581 p.
497 1516 609 1578 363,15.
629 1511 702 1567 Sero.
713 1519 738 1567 et
747 1513 833 1567 Schol.
844 1513 929 1566 Bora.
940 1528 1029 1582 proco.
1039 1516 1135 1578 4,158.
1147 1512 1194 1564 193.

192 1585 333 1650 Dctlcfcca
351 1584 367 1636 l.
382 1600 404 1637 c.
419 1601 450 1652 p.
471 1587 567 1652 msq.

266 1679 282 1726 2
302 1673 311 1724 i
330 1672 408 1726 codd.
428 1672 539 1727 datm:
556 1689 607 1727 om.
626 1673 684 1726 rell.
777 1677 792 1724 8
812 1675 927 1726 censent
944 1672 1022 1726 codd.
1042 1678 1097 1741 opt.
1209 1667 1210 1672 ’

630 1825 674 1882 27
698 1817 756 1901 [26

259 1934 394 1989 mortuus
422 1950 457 1988 ex
488 1949 547 2005 qua
576 1933 662 2006 parte
695 1818 838 1989 orationis
871 1930 1035 1989 declinetur
1066 1931 1196 1988 incertum

194 2023 247 2080 est.
297 2039 368 2078 uam
395 2021 473 2078 sicut
500 2022 544 2078 ait
572 2018 690 2094 Caesar,
723 2019 760 2076 ab
788 2039 823 2078 eo
851 2020 930 2095 quod
958 2023 1003 2078 est
1030 2022 1149 2092 morior,
1175 2017 1197 2070 in

193 2109 353 2186 participio
371 2111 527 2185 praeteriti
544 2109 687 2184 temporis
706 2109 738 2165 in
756 2111 805 2167 tus
825 2110 903 2168 exire
923 2108 1033 2183 debuit,
1052 2129 1108 2184 per
1121 2123 1209 2182 unuu3

194 2200 306 2258 scilicet
332 2218 362 2273 u,
391 2217 451 2257 non
478 2216 532 2274 per
559 2198 624 2257 duo.
671 2216 741 2255 nam
767 2198 820 2256 ubi
847 2200 999 2275 geminata
1026 2203 1073 2256 cst
1103 2199 1209 2293 litteral

167 2308 300 2357 finomeu
324 2291 377 2362 est,
400 2306 460 2346 non
482 2286 683 2363 participium,
706 2290 741 2346 ut
763 2287 864 2346 fatuus
889 2287 1006 2345 arduus.

265 2386 334 2441 laid.
361 2402 399 2440 Or.
424 2390 468 2452 11,
480 2389 508 2452 2,
523 2390 559 2440 33
586 2404 686 2440 mortuus
700 2387 796 2439 aulem
814 2400 977 2440 ex-arduua.
1014 2385 1133 2454 Anqusl.
1157 2396 1197 2449 rey-

196 2458 285 2514 GGK
301 2458 327 2511 V
341 2461 404 2523 520,
418 2462 456 2512 22
481 2459 524 2510 est
547 2475 631 2509 unum
656 2457 839 2528 participium
861 2455 1007 2528 praeteriti
1029 2454 1162 2525 temporis
1177 2453 1196 2503 in

195 2529 271 2582 omni
285 2528 386 2582 Latino
397 2544 531 2595 sermone,
546 2527 621 2597 quod
636 2528 667 2580 in
676 2529 796 2582 formam
809 2528 930 2583 nominis
939 2527 983 2583 vel
993 2527 1197 2581 declinationem

196 2615 358 2654 conversum
377 2602 428 2668 est,
452 2602 485 2653 ut
503 2602 546 2653 est
569 2601 703 2652 mortuus.
741 2602 784 2653 eet
802 2600 878 2654 euim
896 2601 932 2653 ab
951 2616 984 2654 eo
1003 2599 1080 2667 quod
1102 2597 1197 2652 morior.

196 2674 225 2726 et
238 2670 420 2741 participium
438 2670 585 2740 praeteriti
604 2669 739 2738 temporie
753 2671 783 2723 in
797 2673 843 2724 tue
858 2671 933 2725 exire
948 2670 1047 2724 debuit
1062 2687 1114 2739 per
1127 2681 1197 2723 unun

196 2760 222 2808 u,
248 2759 305 2797 non
327 2758 377 2812 per
400 2742 464 2795 duo.
501 2758 568 2795 nam
591 2741 639 2794 ubi
664 2741 808 2812 geminata
827 2759 846 2794 u
868 2741 965 2796 littera
987 2742 1016 2794 in
1039 2741 1197 2797 nominativo

196 2816 247 2879 eat,
272 2830 374 2867 nomeu
397 2816 448 2879 eet,
473 2831 529 2867 non
552 2813 743 2882 participium,
770 2815 802 2866 ut
824 2813 919 2867 fatuus
944 2813 1083 2881 ingenuus
1109 2813 1197 2866 arduus

197 2885 317 2939 carduus
340 2884 458 2955 exiguus
480 2883 589 2950 beluus,
615 2888 648 2938 ut
670 2882 766 2939 Cicero
790 2883 870 2938 dixit.
907 2884 941 2950 cf.
966 2884 1048 2938 Prob.
1072 2887 1136 2938 incl.
1157 2887 1197 2935 cd.

191 2975 222 3027 p.
239 2961 358 3024 126,16.
396 2958 484 3011 Prisc.
498 2975 529 3027 p.
550 2961 613 3023 502,
627 2962 652 3012 3.
1206 2957 1207 3025 l

636 3092 680 3149 28
718 3092 763 3149 27

265 3195 373 3257 Caesar
401 3217 461 3256 uon
490 3199 651 3275 incongrue
681 3084 808 3273 piotrdlit
838 3214 889 3254 ens
914 3211 935 3253 ¹a
961 3194 1052 3254 verbo
1082 3213 1144 3254 sum
1168 3208 1197 3252 ιι.

198 3286 345 3361 quomodo
369 3305 387 3345 a
410 3287 500 3346 verbo
523 3305 645 3365 possum
667 3290 762 3362 potes,
785 3288 899 3362 potens.
1205 3325 1206 3376 p

270 3384 356 3439 Prien
376 3387 539 3452 111239,5
571 3383 671 3439 Graeci
702 3386 796 3437 autem
823 3381 975 3452 participio
1002 3384 1121 3436 utuntur
1145 3379 1206 3434 sub-¹

198 3454 332 3509 stantivo:
354 3453 530 3518 Ἀπολλώνιος
549 3453 588 3510 ὢν
606 3454 758 3523 διδάσκεις,
779 3455 902 3523 Τρύφων
917 3452 955 3509 ὢν
972 3453 1137 3524 μανθάνοις,
1154 3465 1196 3520 quo

198 3541 249 3577 nos
268 3540 380 3592 quoque
403 3526 556 3580 secundum
580 3526 743 3596 analogiam
765 3543 910 3595 possemus
929 3525 980 3593 uti,
1006 3523 1062 3580 nisi
1081 3543 1144 3580 usus
1160 3523 1195 3576 de

199 3593 295 3646 ficeret
311 3594 455 3665 participii
473 3597 613 3666 frequens.
650 3598 778 3666 quamvis
797 3611 878 3652 emar
892 3629 916 3639 -
930 3616 1014 3660 poam.
