2444 3902
384 181 419 232 M.
440 180 586 233 Terentius
607 181 694 233 Varro
983 178 1047 243 185

26 343 166 395 medaeam
185 348 231 395 est.
264 341 335 394 idem
359 347 448 394 tamea
467 341 587 406 inferias
609 342 751 406 collocavi,
777 358 837 394 cam
861 341 955 394 omnia
978 342 1047 395 Var-

26 415 105 467 ronis
128 430 208 481 opera
232 419 299 466 nota
322 429 379 466 non
401 414 465 466 siat.
485 414 614 466 incertior
636 415 717 466 eiiam
741 413 773 465 de
792 414 877 466 altero
896 412 973 481 Lydi
991 413 1047 466 loco

27 486 183 538 coniectura
201 491 239 538 cst
257 485 302 550 (fr.
318 488 391 550 296).

468 592 605 676 3[107]

97 707 188 764 aar.
240 711 278 763 ut
317 705 381 763 Ion
423 705 569 778 scribit,
611 707 739 780 quinta
781 705 952 764 vicesima
994 707 1048 763 est

30 793 169 868 littera,
192 814 296 870 quam
320 800 451 853 vocant
470 814 584 870 agna,
609 796 709 852 cuins
735 797 848 854 forma
872 794 974 851 nulla
993 797 1048 852 est

33 887 65 940 et
91 903 156 943 vox
186 886 382 942 communis
413 887 465 943 est
495 883 642 942 Graecis
673 889 706 941 ei
734 883 890 956 Latmia,
924 887 964 941 ut
990 883 1047 942 his

32 973 148 1031 verbis
167 974 320 1051 aggulus
340 991 473 1049 aggeus
494 973 660 1050 agguiila
679 974 858 1049 iggerunt.
896 974 932 1031 in
952 974 1047 1030 eius-

33 1063 123 1119 modi
142 1061 270 1121 Graeci
290 1065 324 1120 et
342 1063 473 1120 Accius
494 1065 618 1120 noster
636 1062 720 1119 bina
739 1083 758 1138 g
777 1063 954 1135 scribunt,
979 1062 1047 1120 alii
1075 1084 1087 1122 e

33 1169 49 1205 n
74 1155 106 1209 et
133 1173 166 1229 g,
195 1152 287 1227 quod
316 1154 351 1209 in
380 1152 443 1209 hoc
470 1153 664 1209 veritatem
693 1152 816 1210 ridere
844 1151 954 1210 facile
978 1170 1046 1209 non

34 1243 91 1297 est.
136 1241 310 1299 similiter
336 1258 463 1318 agceps
488 1258 626 1317 agccra.

102 1341 185 1393 Prisc.
207 1357 235 1407 p.
256 1344 352 1403 30,12
379 1340 512 1406 sequente
541 1356 560 1406 g
588 1338 631 1392 vel
660 1356 686 1402 c„
720 1355 769 1406 pro
799 1355 832 1392 ea
861 1339 904 1408 [n]
933 1358 952 1407 g
981 1337 1046 1392 scri-

35 1406 101 1460 bunt
119 1410 215 1464 Graeci
235 1411 392 1478 etquidem
407 1415 502 1463 tamen
517 1410 700 1463 vetustissimi
715 1412 842 1464 auctores
857 1409 1047 1464 Romanorum

37 1480 185 1548 euphoniae
210 1498 295 1534 causa
319 1481 389 1534 bene
408 1481 461 1535 hoc
481 1480 625 1548 facientes,
649 1483 681 1534 ut
701 1481 837 1549 Agchiees
866 1497 969 1550 agcepe
998 1497 1047 1548 ag-

36 1551 113 1614 gulns
137 1569 252 1622 aggeus,
279 1553 355 1621 quod
380 1551 503 1606 ostendit
523 1552 611 1606 Varro
635 1553 662 1604 in
688 1553 778 1621 primo
803 1553 837 1605 de
861 1552 970 1621 origine
994 1552 1046 1604 lin·

37 1638 105 1688 guae
123 1623 236 1677 Latinae
255 1624 300 1676 his
321 1623 424 1677 verbis:
444 1643 468 1677 ut
483 1639 525 1677 1011
538 1656 566 1663 -
579 1650 670 1686 agema.
696 1626 731 1689 ct'.
747 1626 849 1678 Accius
867 1625 903 1690 fr.
918 1629 963 1678 25.
993 1625 1045 1676 Ni-

37 1694 124 1760 9idiia
139 1697 173 1760 fr.
190 1701 232 1748 17.
270 1696 302 1748 dr
322 1698 388 1749 Ione
408 1697 441 1761 cf,
462 1695 650 1750 Schneidewin
670 1696 722 1750 Ra.
744 1697 819 1749 Mas.
836 1700 861 1760 7,
876 1699 938 1748 463.

107 1789 169 1837 1-4
192 1787 223 1837 ut
242 1785 292 1837 Ion
316 1816 350 1824 -
374 1784 417 1836 his
441 1783 531 1836 verbis
552 1801 602 1837 orn.
628 1785 717 1838 Paris.
740 1789 813 1837 7496
836 1785 934 1838 Bamb.
960 1785 1044 1839 Halo.

39 1853 157 1922 iiyyim
176 1857 266 1911 Wilm.
296 1856 446 1909 Brinkinm
460 1863 567 1909 secretas
670 1856 810 1925 dagguia
825 1856 909 1925 Sana.
939 1854 1047 1924 aggilla

42 1923 122 1979 Oarol.
142 1925 254 1998 agguila
274 1928 365 1994 Lnad.
421 1926 573 1980 huiuscem.
594 1927 678 1996 Sanq.
695 1928 784 1998 Laod
811 1926 932 1979 huinem.
955 1928 1044 1982 Caici.

42 1999 122 2050 iver.
140 1999 158 2050 f.
176 1999 230 2051 vid.
252 1985 327 2070 <est
345 1999 374 2051 in
394 1997 466 2068 illo>
485 2015 512 2050 n.
533 2014 555 2050 e.
578 2000 683 2052 Riischl
702 2015 756 2051 non
777 1998 830 2052 fac.
851 1999 941 2068 Laod.

258 2176 307 2230 on
336 2175 585 2230 ermenoarae
609 2175 814 2229 vrneoaen

411 2253 601 2336 nrenoaan
620 2283 658 2336 nr

102 2391 165 2457 qaid
183 2392 256 2445 inter
274 2391 322 2444 iios
341 2391 436 2456 libros,
460 2391 495 2442 ab
515 2391 684 2460 Hieronymo
704 2392 735 2442 in
758 2391 847 2444 indice
869 2391 1046 2458 Otarisioane

43 2459 150 2527 traditos,
165 2468 189 2515 et
203 2479 245 2516 ecs
259 2461 308 2530 qni
318 2464 443 2530 proaime
455 2469 584 2516 secaaiar
594 2463 637 2515 De
651 2463 771 2515 ntilitatc
784 2463 916 2516 sermonis
929 2463 1046 2527 intersit,

48 2527 165 2586 Varronis
183 2535 273 2602 ipsine
291 2533 378 2586 certis
396 2533 558 2600 explicatur,
577 2534 609 2586 de
624 2536 640 2585 l.
657 2533 690 2584 L.
707 2538 734 2598 8,
748 2537 793 2586 23.
809 2538 835 2597 9,
850 2538 892 2586 48.
909 2538 952 2597 10,
967 2535 1046 2598 3α1.,·

41 2600 139 2660 imant
157 2607 229 2659 enim
248 2604 291 2657 iiii
305 2605 338 2658 de
356 2605 502 2674 anaioqia,
526 2605 556 2657 iri
578 2605 610 2657 de
629 2605 778 2658 anomalia.
816 2605 848 2656 de
867 2606 963 2659 horam
982 2611 1044 2659 tem·

41 2675 138 2735 amitas
159 2677 231 2730 nihii
252 2677 394 2743 proditam
417 2682 469 2740 cst;
492 2676 617 2730 sedeam
636 2678 667 2728 in
687 2677 782 2730 iisdem
801 2678 970 2744 ornamentis
988 2693 1045 2729 ocr-

42 2746 87 2796 sati·
101 2749 162 2812 sini,
185 2748 217 2800 ia
235 2743 418 2816 qnibns'iibri
442 2747 640 2800 VIII-XIII
659 2748 702 2800 De
721 2749 819 2816 linono
838 2748 957 2812 Latina,
984 2748 1046 2801 iilos

42 2814 70 2866 ab
94 2817 134 2872 tis
160 2820 254 2886 aliano
283 2820 411 2886 temporis
438 2821 528 2886 spatio
553 2825 705 2888 seqreyoios
730 2835 784 2872 esse
807 2820 955 2886 horamque
973 2821 1046 2873 neiat

40 2892 264 2955 praeparationem
282 2891 367 2957 fnisse
385 2891 552 2944 crediderim.
586 2907 642 2944 'non
660 2890 748 2944 sciam
762 2891 834 2943 enim
848 2891 897 2944 too
913 2890 1045 2944 Varronis

42 2959 162 3014 scabendi
175 2963 248 3015 mori
260 2977 293 3014 ac
307 2963 413 3015 rationi
426 2964 524 3030 optirae
539 2963 769 3016 accommodatam
778 2968 825 3027 cst,
838 2962 886 3015 sed
896 2962 1045 3016 Varronem

42 3035 145 3085 mana
167 3034 223 3086 iam
243 3039 330 3088 aetate
352 3049 421 3101 opas
441 3035 486 3087 De
507 3033 523 3085 i.
547 3033 654 3087 Latina
679 3034 829 3098 confectam
848 3033 931 3086 amal
951 3034 983 3085 in
1002 3032 1046 3085 iiis

43 3097 107 3156 libris
130 3104 287 3158 dilaiaoissc
312 3110 337 3158 et
362 3106 395 3155 in·
419 3105 546 3172 Epiiome
570 3101 843 3173 Disciniinaramqne
866 3105 956 3171 primo
982 3120 1044 3157 con·

44 3173 143 3228 traina
159 3176 268 3245 loncias
286 3193 305 3229 a
323 3176 562 3232 verisimilitudine
580 3177 686 3229 recedit.

465 3312 484 3365 4
509 3302 601 3386 [109]

99 3413 142 3471 iio.
165 3415 211 3475 ΙΙ.
257 3415 317 3490 pix
341 3416 584 3492 singulariter
608 3415 752 3474 dicitur.

104 3510 180 3568 Char.
193 3531 224 3582 p.
240 3519 285 3578 91,
298 3518 337 3567 26
361 3527 443 3575 pne-
456 3528 544 3578 dicitur,
570 3516 602 3566 nt
626 3514 668 3566 ait
685 3513 774 3567 Varro
799 3513 833 3564 de
858 3512 1044 3566 similitudine

46 3579 173 3636 verborum
190 3585 223 3652 11,
247 3585 376 3653 quemvis
395 3584 536 3653 Vergilius
556 3585 659 3637 dixerit
683 3585 718 3654 [9.
734 3589 759 3648 3,
774 3584 853 3652 450]:
880 3583 1044 3651 ‘idaeesquc
