2480 3904
145 176 210 241 468
312 175 517 230 Grammaticae
537 176 638 229 uetitis
657 176 818 245 Augusteae
837 176 996 246 fragmenin

145 336 190 403 (cf.
203 338 274 391 Aur.
292 335 383 405 Opill,
399 337 446 390 At.
461 336 544 402 Phil,
560 336 639 390 Sinn.
656 335 722 405 Cap.
738 341 838 402 test.1,·
856 336 915 390 Aa.
933 337 1014 401 Gall,
1027 336 1071 389 Ar.
1086 335 1139 402 Cap.

143 409 175 460 in
189 408 308 476 freyn).
340 414 430 462 tarsen
443 424 527 474 creone
540 409 585 461 liic
598 415 725 462 constans
739 409 817 462 Festi
829 424 887 462 mos
900 415 939 462 est
956 409 1002 476 (cf.
1015 407 1071 460 Ael.
1086 406 1141 460 Stilo

143 483 200 534 test.
217 482 246 544 2,
266 480 348 533 Meos.
368 479 471 545 Rufus,
490 479 594 533 Antist.
613 480 724 546 Labeo),
744 486 768 533 et
787 479 912 534 Cloatius
930 480 1015 533 Verus
1032 496 1049 532 a
1069 477 1142 531 Gellio

143 567 204 603 una
222 567 284 604 curn
304 551 434 616 Varrone,
454 567 472 602 a
492 549 636 604 Macrobio
654 568 716 604 enm
732 550 821 604 Genio
836 551 935 616 Basso,
953 567 1013 604 cun
1032 550 1143 612 Veranio,

144 637 205 675 curn
220 620 308 690 Oppio
323 622 438 690 aliaque
452 623 606 676 vetustioris
621 623 720 676 aetatis
733 623 912 691 scriptoribus
925 627 1143 684 commemoratum

145 709 230 761 quare
248 694 281 746 de
298 710 354 748 uno
372 693 513 761 eodemque
531 693 638 747 homine
656 695 704 763 api
721 693 789 747 satis
807 694 1010 747 caninium.
1037 694 1084 760 qui
1095 707 1143 745 cra

144 765 226 830 ficrnn
240 764 397 834 Aupustanr
414 765 520 818 nouerit
533 765 578 832 (fr.
590 767 617 831 9)
635 764 775 833 Verriiqne
789 771 886 818 auctor
898 766 993 831 suerit,
1010 764 1088 817 initio
1100 765 1144 829 fere

145 835 302 906 Anpnsteae
321 837 419 890 aetatis
441 836 533 889 clarus
551 837 655 901 eatitit;
678 836 708 888 id
727 836 798 903 qnod
820 852 882 889 curn
900 852 931 890 eo
948 837 1071 890 conuenit
1086 833 1144 902 cuod

146 905 246 961 Festus
261 908 398 962 Cloatium
416 913 557 974 tartonam
573 923 606 960 ex
620 907 723 961 Stilone
739 907 897 974 pendentem
916 907 1027 974 saepius
1044 907 1145 968 inducit,

144 979 226 1032 Ateio
237 978 387 1048 Plrilolopa
403 978 498 1033 Cincio
507 977 626 1033 Santrae
634 979 794 1047 plerunque
808 979 979 1032 adiunctum.
1003 984 1094 1032 temne
1105 977 1145 1028 lor

145 1049 176 1102 in
194 1066 224 1104 re
241 1050 433 1104 indicaverint
456 1049 557 1119 Epper,
580 1049 644 1102 Lat.
662 1066 740 1104 serra.
758 1056 808 1103 oet.
827 1051 884 1103 rell.
903 1051 948 1104 sel.
966 1065 994 1117 p.
1009 1052 1046 1102 32
1063 1049 1144 1103 adn]
1215 1079 1216 1125 ᾗ

145 1125 171 1174 et
190 1121 306 1187 Maseli,
325 1121 358 1175 de
377 1121 456 1175 Varr.
477 1122 562 1188 antiq.
582 1137 633 1174 rer.
652 1121 725 1173 lrurn.
742 1138 770 1188 p.
787 1125 820 1174 11
838 1121 904 1174 adn.
919 1125 939 1174 2
956 1121 1001 1188 (ef.
1017 1138 1046 1188 p.
1062 1123 1109 1186 51).
1215 1133 1216 1138 ’

217 1329 350 1402 reliquias
367 1334 425 1388 coll.
447 1334 547 1405 Eppen
566 1336 630 1388 Lat.
651 1350 727 1388 serris.
747 1340 795 1388 eet.
815 1334 872 1388 rell.
895 1335 941 1388 sel.
966 1336 1060 1402 (Paris
1077 1334 1147 1396 1843)

142 1421 172 1544 ³1³,
188 1406 333 1548 {firmes
351 1405 442 1471 Gaetu,
461 1406 658 1475 Pauly-Wiss.
674 1405 738 1460 BE
754 1409 780 1470 4,
795 1409 838 1459 61.
871 1406 986 1474 Prosop.
1003 1408 1066 1474 inp.
1081 1404 1146 1457 Roas.
1216 1467 1217 1500 ἒ

518 1708 791 1776 FRAGMENTA

322 1885 527 1939 VERBORUM
547 1887 571 1939 A
591 1885 743 1940 GRAECIS
762 1885 987 1940 TRACTORUM

223 2028 290 2082 dell.
308 2033 353 2092 16,
369 2032 442 2093 12,1
462 2026 586 2082 Cloatius
600 2027 690 2082 Verus
709 2028 739 2080 in
752 2027 842 2095 libris,
861 2045 931 2096 quos
945 2027 1087 2097 inscripsit
1097 2039 1149 2078 rer·

148 2099 248 2153 borum
268 2115 284 2151 a
305 2097 419 2152 Graecis
438 2101 604 2167 tractorum,
623 2115 680 2152 non
697 2116 789 2168 psucu
807 2099 901 2152 hercle
920 2099 991 2152 dicit
1009 2099 1110 2153 curioso
1126 2097 1150 2148 et
1218 2129 1219 2136 κ

150 2189 161 2223 s
202 2170 289 2224 ociter
308 2169 475 2238 conquisitu,
493 2186 584 2237 neque
602 2187 659 2223 non
678 2173 773 2224 tumen
792 2171 931 2238 quaedam
949 2170 1057 2224 futtilis
1070 2171 1097 2223 et
1108 2166 1149 2219 fri-

149 2259 184 2295 vo
197 2259 221 2295 u.
247 2243 423 2310 inscription
438 2242 583 2296 Macrobio
601 2243 781 2309 confirmatur
798 2243 843 2312 (fr.
860 2245 896 2312 5).
916 2243 948 2296 de
966 2260 995 2296 re
1008 2244 1042 2309 cs.
1057 2238 1148 2310 Hypsi·

149 2320 235 2368 crates
253 2331 283 2382 p.
306 2317 369 2368 108.
406 2315 487 2368 onon
505 2315 537 2368 in
559 2315 665 2368 litteras
689 2314 795 2383 dipeeta
816 2330 874 2368 non
891 2321 984 2379 erant,
1008 2316 1035 2368 si
1056 2311 1149 2382 quiden

152 2384 257 2439 Gellius
275 2388 331 2453 (16,
345 2388 391 2451 12)
409 2385 441 2438 in
458 2387 554 2455 plossr's
572 2385 720 2451 afferendis
735 2385 838 2439 Cloatd
854 2386 978 2439 ordinem
995 2391 1097 2440 seartus
1111 2387 1148 2435 est.

149 2473 199 2511 reos
218 2463 309 2510 tamen
326 2473 426 2510 rnorem
444 2463 567 2510 nostrum
580 2473 780 2525 persequentur.

554 2611 571 2665 1
598 2601 631 2685 [1
651 2601 762 2685 Boeo]

217 2731 265 2789 lib.
285 2731 343 2790 IV.
394 2733 426 2789 in
453 2731 530 2790 libro
559 2735 665 2807 quarto
695 2725 854 2810 [Cloatius]
884 2731 1091 2790 faenerator
1114 2727 1150 2784 in·

151 2821 218 2895 quit
255 2821 465 2896 appellatus
502 2824 556 2880 est
591 2823 697 2897 quasi
738 2819 962 2898 φαινεράτωρ
998 2817 1065 2881 ἀπὸ
1098 2821 1149 2875 τοῦ

151 2908 350 2984 φαίνεσθαι
386 2907 441 2968 e'rrl
479 2908 515 2969 τὸ
550 2908 798 2988 χρηστότερον,
835 2911 977 2986 quonium
1009 2909 1040 2968 id
1071 2921 1150 2986 genus

151 2999 307 3056 hominum
330 2999 457 3073 speciem
481 3001 631 3058 ostentent
660 2999 856 3058 humanitatis
880 3002 910 3057 et
933 2999 1078 3058 commodi
1098 3011 1150 3053 esse

125 3087 311 3146 irrideantur
337 3088 478 3164 inopibus
505 3107 643 3148 nummos
671 3087 914 3162 desiderantibus,
942 3087 1033 3164 idque
1056 3087 1151 3145 dixisse

152 3179 195 3235 sit
219 3177 419 3252 Hypsicraten
442 3179 613 3253 quempiam
636 3179 872 3256 grammaticum,
895 3176 979 3236 cuius
1002 3177 1071 3236 libri
1091 3189 1150 3234 ssuo

151 3266 266 3324 nobiles
290 3269 361 3324 suut
382 3283 472 3342 super
494 3266 550 3340 his,
574 3286 650 3340 quae
673 3285 691 3326 u
715 3265 835 3325 Graecis
859 3268 981 3342 occepta
1005 3271 1080 3325 sunt.

226 3363 293 3416 Gell.
309 3367 412 3430 16,12,
427 3368 445 3417 5
464 3365 513 3417 sed
531 3379 555 3418 m
568 3379 627 3419 uiro
641 3383 720 3428 querco
741 3365 905 3437 [‘nerl›orurn
923 3383 942 3418 a
962 3364 1075 3420 Graecis
1091 3368 1150 3416 rac

153 3433 308 3552 torum'k—
322 3451 413 3496 annu
426 3452 484 3488 runs.
510 3435 568 3518 sire
587 3435 647 3518 hoc.
659 3439 752 3519 eutem
772 3437 832 3506 ipse
852 3435 976 3519 §licetine
996 3437 1054 3520 sive
1071 3430 1152 3514 cessio

154 3516 256 3622 ‘iit
265 3503 1061 3650 fiili?iiiiiiedhirpii‘iiiiismieffiili.
1085 3507 1154 3559 ’Μ
