2442 3902
151 89 215 154 328
297 89 503 144 Grammaticae
523 89 625 143 aetatis
641 75 837 144 'Varronianus
856 88 1018 158 fragmenta

149 258 368 336 praelegebant.
384 291 426 298 -
442 260 555 334 primus
570 258 672 336 igitur,
688 260 834 334 quantum
850 259 1018 334 opinamur,
1036 257 1146 317 studium

111 364 136 403 io
150 348 362 425 grammaticae
390 349 422 405 in
449 347 553 406 urbem
579 347 685 406 intulit
712 346 816 406 Orates
839 348 978 408 Mallotes
1001 347 1146 406 Aristarchi

151 438 297 514 aequalia
330 438 383 513 qui
412 436 519 496 missus
549 436 587 494 ad
618 439 755 496 senatum
788 437 825 494 ab
853 436 961 496 Attalo
991 457 1060 514 rege
1086 439 1146 496 inter

151 526 312 586 secundum
339 545 375 585 ac
403 528 527 584 tertium
554 525 701 586 Punicum
729 525 842 584 bellum
869 527 925 586 sub
953 526 1051 602 ipsam
1076 527 1147 585 sna

150 621 285 691 mortem,
309 634 376 675 cum
394 617 515 693 regione
533 614 645 674 Palatii
668 615 825 692 prolapsus
843 617 876 672 in
895 615 1015 674 cloacae
1035 617 1147 674 foramen

151 725 218 765 crus
246 705 397 783 fregisset,
427 724 481 781 per
508 723 594 763 omne
621 705 782 781 legationis
811 706 901 764 simul
930 707 960 763 et
988 703 1148 764 valetudinis

112 811 136 850 1⁶
151 798 268 871 tempus
296 795 441 869 plurimas
469 793 598 853 acroasis
626 793 751 852 subinde
779 794 851 852 fecit
877 795 1054 871 assidueque
1076 793 1147 852 disse

150 884 213 942 ruit
231 903 265 943 ac
279 882 388 942 nostris
405 884 539 959 exemplo
554 881 614 942 filit
628 882 666 941 ad
683 883 872 941 imitandum.
905 883 1050 942 hactenus
1067 886 1147 942 taum

149 974 272 1048 imitati,
290 976 325 1031 ut
339 974 472 1030 carmina
485 992 592 1048 parum
611 972 708 1031 adhuc
721 972 877 1050 divolgata
895 973 944 1032 rel
962 973 1147 1032 defunctorum

152 1065 313 1122 amicorum
337 1063 385 1120 vel
415 1063 441 1120 si
464 1080 591 1137 quorum
619 1063 748 1120 aliorum
774 1062 965 1138 probassent,
993 1062 1146 1140 diligentius

151 1153 348 1212 retractarent
367 1169 402 1210 ac
415 1151 541 1228 legendo
560 1150 846 1227 commentandoque
861 1152 954 1210 etiam
973 1152 1076 1212 ceteris
1091 1151 1146 1210 uota

112 1243 296 1316 relucerent,
319 1242 354 1298 ut
373 1238 403 1299 0.
420 1238 563 1300 Octavius
579 1239 745 1316 Lampadio
759 1240 868 1301 Naevii
881 1240 1032 1301 Punicum
1049 1241 1147 1311 bellun,

152 1330 230 1405 quod
250 1349 310 1388 uno
329 1330 479 1390 volumine
499 1332 529 1389 et
547 1330 713 1389 continenti
735 1331 883 1406 scriptura
906 1331 1072 1406 expositum
1089 1329 1148 1386 diri·

152 1421 191 1478 sit
220 1421 253 1477 in
280 1420 394 1494 septem
422 1419 528 1492 libros,
560 1421 595 1478 ut
623 1423 728 1495 postea
756 1418 789 1488 Q.
812 1419 1017 1496 Vargunteius
1048 1419 1149 1478 annales

151 1509 251 1582 Ennii,
270 1526 344 1584 quos
359 1509 448 1568 certis
462 1508 565 1568 diebus
579 1509 611 1568 in
629 1528 740 1586 magna
753 1510 922 1584 frequentia
941 1509 1150 1586 pronuntiabas

152 1600 185 1657 ut
204 1596 323 1656 Laelius
337 1597 501 1658 Archelaus
515 1598 694 1675 Vettiusque
712 1598 902 1658 Philocomus
921 1597 1035 1658 Lucilii
1052 1601 1150 1658 satum

112 1702 137 1742 aa
152 1687 311 1746 familiaris
335 1687 389 1747 sui.
409 1719 450 1728 -
469 1689 675 1748 instnixerunt
692 1690 896 1763 auxeruntque
920 1689 958 1746 ab
979 1689 1151 1764 omniparis

153 1777 380 1854 grammaticam
411 1776 445 1835 L.
469 1777 573 1837 Aelius
605 1778 780 1836 Lanuvinus
813 1795 961 1855 generque
994 1777 1074 1837 Aelii
1102 1775 1151 1835 Ser.

154 1858 288 1940 Clodius,
317 1867 442 1942 uterque
466 1885 555 1942 eques
577 1867 728 1926 Romanus
756 1867 902 1943 multique
926 1884 962 1926 ac
984 1867 1062 1925 varii
1083 1865 1152 1924 etin

152 1955 287 2013 doctrine
311 1957 340 2013 et
362 1957 395 2013 in
417 1974 449 2014 re
472 1956 592 2033 publica
614 1974 693 2015 usus.
730 1956 834 2016 Aelius
858 1957 1034 2032 cognomine
1056 1953 1153 2031 duplici

152 2043 223 2120 fuis,
255 2063 326 2103 nam
355 2047 385 2103 et
412 2044 626 2117 Praeconinus,
659 2045 738 2121 quod
767 2047 855 2120 pater
884 2047 947 2105 eius
978 2045 1152 2122 praeconium

112 2153 138 2192 so
152 2135 278 2208 fecorat,
310 2133 481 2208 vocabatur,
515 2137 544 2193 et
572 2133 661 2208 Stilo,
695 2134 774 2210 quod
802 2135 953 2194 orationes
983 2134 1152 2194 nobilissimo

120 2255 123 2260 ·
152 2225 258 2299 cuique
290 2223 417 2282 scribere
449 2222 576 2297 solebat,
614 2225 733 2282 tantum
765 2223 957 2300 optimatium
989 2225 1095 2298 fautor,
1126 2223 1151 2278 ut

152 2313 307 2372 Metellum
329 2311 523 2370 Numidicum
545 2314 578 2370 in
601 2312 738 2372 exsilium
761 2314 920 2372 comitatus
944 2314 992 2372 sit.
1040 2313 1152 2380 Servius,

153 2421 220 2461 cum
243 2401 351 2461 librum
376 2402 470 2461 soceri
492 2401 623 2460 nondum
646 2401 761 2460 editum
784 2400 888 2460 fraude
911 2403 1112 2478 intercepisset
1129 2401 1153 2457 et

153 2492 190 2550 ob
218 2492 274 2552 hoc
297 2490 470 2566 repudiatus
500 2491 613 2566 pudore
641 2509 675 2550 ac
702 2491 802 2551 taedio
833 2493 1002 2550 secessisset
1026 2491 1063 2550 ab
1084 2489 1152 2560 urba

113 2599 138 2640 es
152 2581 184 2637 in
207 2580 358 2659 podagrae
380 2579 515 2640 morbum
542 2580 662 2656 incidit3
689 2583 772 2639 cuius
799 2581 951 2656 inpatiens
975 2599 1087 2639 veneno
1107 2576 1152 2637 sibi

153 2669 292 2746 perunxit
318 2670 407 2745 pedes
431 2673 461 2728 et
484 2671 600 2730 enecuit
622 2670 675 2745 ita,
703 2673 737 2728 ut
759 2671 845 2745 parte
869 2689 904 2728 ea
927 2669 1059 2745 corporis
1082 2664 1153 2744 quasi

153 2761 345 2834 praemortua
374 2761 497 2819 vireret.
543 2761 667 2835 posthac
697 2759 794 2837 magis
821 2777 856 2818 ac
885 2761 982 2837 magis
1010 2762 1041 2818 et
1068 2755 1152 2836 gratia

153 2850 184 2906 et
206 2867 277 2907 cura
305 2849 380 2906 artis
402 2847 540 2922 increvit,
570 2851 604 2906 ut
631 2866 668 2906 ne
691 2847 850 2908 clarissimi
874 2847 995 2924 quidem
1021 2847 1079 2908 riri
1099 2845 1152 2904 abs·

153 2938 300 2996 tinuerint
325 2937 505 3012 quominus
528 2939 559 2995 et
580 2936 639 3012 ipsi
663 2936 778 3012 aliquid
801 2937 837 2996 de
861 2956 896 2996 ea
919 2937 1091 3010 scriberent,
1115 2935 1152 2990 ut·

113 3047 140 3087 io
155 3047 211 3103 que
234 3026 418 3102 temporibus
445 3025 622 3101 quibusdam
646 3043 734 3102 super
761 3027 871 3105 viginti
894 3027 1023 3086 celebras
1050 3023 1151 3086 scholae

154 3117 246 3176 fuisse
264 3115 296 3173 in
315 3115 386 3173 urbe
404 3115 571 3189 tradantur,
594 3117 692 3192 pretia
710 3135 781 3175 vero
799 3115 1063 3193 grammaticorum
1079 3113 1151 3174 tanta

154 3205 361 3280 mercedesque
379 3207 442 3264 tam
460 3224 596 3282 magnae,
619 3208 654 3263 ut
671 3207 786 3265 constet
804 3205 961 3266 Lutatium
979 3202 1150 3281 Daphnidem

154 3325 198 3334 —-
217 3293 413 3368 septingentis
435 3294 556 3352 milibus
579 3315 734 3353 nummum
757 3313 775 3351 a
794 3293 827 3363 Q.
848 3293 955 3354 Catulo
978 3297 1104 3371 emptum
1123 3305 1150 3348 w

154 3379 239 3438 brevi
260 3381 481 3454 manumissum,
506 3381 537 3438 L.
555 3381 718 3456 Apuleium
735 3382 774 3441 ab
792 3381 904 3442 Aeficio
924 3381 1048 3442 Calvino
1067 3379 1150 3457 equita

116 3483 142 3524 cc
156 3466 289 3524 Romano
326 3466 490 3540 praedivite
527 3470 738 3547 quadringenis
775 3473 882 3532 annuis
919 3471 1093 3532 conductum
1122 3469 1150 3525 uh
