2460 3900
416 183 565 238 Volcacius
585 183 728 254 Sedigitus

98 374 185 414 eum
209 353 444 412 meoiudicio
468 371 623 412 errorem
647 353 843 412 dissolvam
866 351 948 430 tibi,

97 448 140 503 ut
167 446 298 502 contra
321 443 351 501 si
374 444 454 517 quis
478 443 615 501 sentiat
637 442 731 500 nihil
755 441 900 500 sentiat.

100 532 273 592 Caecilio
296 532 449 608 palmam
474 531 592 591 Statio
616 531 658 589 do
682 533 837 606 mimico,
1110 565 1122 604 5

99 621 263 680 Plautus
287 619 461 680 secundus
484 621 595 679 facile
619 623 815 695 exsuperat
838 622 993 694 ceteros3

102 711 192 771 dein
215 710 388 784 Naevius,
411 711 472 785 qui
495 709 625 782 fervet,
648 709 768 785 pretio
791 709 827 768 in
850 709 1016 784 tertiost3

102 801 134 860 si
160 799 234 858 crit
258 797 349 874 quod
373 801 502 874 quarto
526 798 638 872 detur,
663 797 810 857 dabitur
832 798 989 873 Licinio,

102 891 193 965 post
215 888 358 962 insequi
380 887 562 946 Licinium
585 889 681 946 facio
704 887 876 962 Atilium3

103 981 142 1036 in
168 978 270 1036 scxtc
294 981 535 1052 consequetur
557 976 620 1034 hos
645 976 851 1048 Terentius,
1098 1010 1124 1048 10

104 1065 299 1141 Turpilius
319 1065 524 1142 septimum,
543 1065 681 1125 Trabea
696 1069 864 1124 octavum
883 1066 1038 1141 optinet,

105 1174 204 1216 nono
226 1156 306 1214 loco
329 1173 404 1214 esse
428 1155 539 1214 facile
562 1155 657 1213 facio
682 1155 862 1229 Luscium,

105 1245 284 1304 decimum
308 1243 396 1302 addo
421 1262 528 1302 causa
552 1245 792 1320 antiquitatis
815 1244 977 1303 Ennium.

136 1349 479 1420 Gd1.15,248edigicus
505 1351 535 1404 in
560 1350 646 1419 libro,
675 1368 757 1418 quem
783 1351 896 1420 scripsit
922 1351 957 1406 dc
983 1351 1084 1420 poetis,

61 1423 132 1490 quid
151 1423 189 1476 de
207 1422 253 1475 his
271 1422 383 1488 sentiat,
403 1422 451 1490 qui
470 1422 628 1477 comoedias
647 1421 783 1491 facerunt,
802 1424 831 1476 et
849 1437 933 1491 quem
947 1439 981 1477 ex
995 1423 1084 1478 omni-

61 1494 116 1547 bus
133 1496 281 1563 praestare
299 1494 398 1548 ceteris
417 1495 499 1562 putet
518 1511 550 1547 ac
569 1494 713 1562 deinceps,
738 1511 792 1562 quo
816 1495 1003 1562 quamquain
1022 1494 1083 1549 loco

63 1569 92 1618 et
110 1566 217 1620 honore
236 1567 330 1634 ponat,
349 1564 394 1618 his
413 1564 538 1619 versibus
556 1565 613 1618 suis
628 1565 814 1620 demonstrat:
834 1581 916 1621 muros
930 1597 964 1607 -
978 1581 1084 1621 mnium.

138 1662 152 1708 1
171 1654 300 1708 videmus
318 1671 359 1724 cp.
429 1661 446 1707 4
465 1653 506 1706 nil
525 1671 566 1725 up.
629 1660 645 1708 o
664 1654 804 1709 dominico
819 1657 912 1710 Paris.
930 1656 1002 1710 Voss.
1018 1655 1083 1709 Lat.

66 1725 122 1778 Fr
136 1725 171 1780 do
187 1725 323 1779 comiuico
338 1727 411 1781 Voss.
427 1725 491 1780 Lat.
506 1726 598 1781 Frra
617 1725 653 1779 do
669 1726 858 1780 commorati:
877 1744 926 1780 em.
940 1729 962 1781 I
965 1727 1082 1782 Grorcoc.

67 1799 197 1853 leervet:
212 1815 261 1850 em.
276 1797 335 1850 edd.
350 1803 410 1852 cett.
426 1797 656 1866 servetprctium,
665 1797 781 1851 tertiust
790 1797 904 1852 Risum.
961 1797 1084 1852 9licium

68 1870 203 1938 Mcqlial).
215 1869 313 1938 Rapui.
324 1871 378 1922 597
448 1873 481 1921 10
492 1868 682 1936 consequitur:
698 1885 746 1922 em.
757 1870 887 1923 Pithoeus
951 1875 984 1922 13
996 1870 1083 1936 antiq.

66 1956 161 1994 causa:
181 1948 286 2008 transp.
304 1956 346 2010 oq.

518 2120 558 2175 1⁶
582 2111 631 2197 [5]

134 2240 208 2301 Suet.
227 2244 276 2300 cit.
297 2242 361 2300 Tcr.
381 2267 424 2288 =
445 2242 540 2302 Varro
562 2243 601 2314 fr.
618 2245 686 2300 301
728 2241 886 2300 Volcacius
906 2246 1006 2301 autem
1024 2262 1084 2301 non

66 2330 162 2388 solum
180 2331 296 2390 Naevio
315 2333 346 2389 et
364 2331 473 2389 Plauto
497 2336 527 2390 et-
546 2329 685 2405 (laecilio,
710 2331 762 2390 sed
780 2329 896 2391 Licinio
917 2350 1035 2407 quoque
1055 2335 1084 2390 et

65 2418 162 2478 Atilio
185 2422 338 2496 postponit
361 2413 565 2498 [Terentium]

526 2618 549 2675 2
572 2610 621 2695 [4]

140 2744 293 2799 sumetur
315 2740 458 2817 Hecyra
480 2744 581 2800 sexta
604 2741 711 2800 exilis
735 2739 860 2799 fabula

143 2838 209 2892 Suet.
228 2840 274 2893 uit.
297 2839 356 2894 Ter.
372 2865 405 2884 =
426 2840 514 2894 Varro
532 2840 569 2905 fr.
584 2840 622 2893 id.
656 2838 805 2893 Volcacius
824 2840 854 2893 in
873 2839 1083 2894 enumeratione

68 2907 191 2962 omnium
210 2910 250 2964 ita
269 2933 316 2964 -2
339 2928 438 2966 sumetur
453 2942 486 2950 -
500 2925 587 2966 fasma.
616 2912 682 2966 adu.
702 2913 761 2966 erit.
781 2911 815 2978 cf.
836 2912 874 2966 cd
893 2913 972 2968 Varr.
992 2913 1010 2966 l.
1025 2928 1047 2966 c.

528 3117 548 3174 3
573 3109 622 3194 [2]

120 3236 176 3296 sed
197 3241 235 3298 ut
254 3240 343 3299 Afer
364 3240 499 3316 populo
523 3257 581 3298 sex
605 3238 706 3299 dedit
729 3240 949 3313 comoedias,

119 3326 185 3385 iter
205 3329 285 3389 hinc
307 3332 345 3388 in
366 3328 491 3388 Asiam
513 3329 618 3388 fecit:
637 3331 677 3387 ut
699 3347 826 3388 navem
849 3329 959 3388 semel

121 3418 332 3493 conscendit,
352 3418 451 3478 visus
470 3437 658 3492 numquam
674 3421 744 3476 est:
763 3420 815 3478 sic
833 3420 911 3477 vita
925 3421 1038 3476 vacat.
1138 3415 1140 3420 ’

146 3513 210 3571 Stia
227 3519 273 3573 cit.
297 3517 356 3572 Ter.
380 3541 414 3562 =
439 3516 527 3570 Varro
552 3517 588 3582 fr.
608 3516 646 3570 id.
673 3516 708 3569 de
733 3517 823 3570 morte
849 3516 909 3568 eius
938 3515 1082 3584 [licentii]

72 3582 215 3642 Volcacius
233 3589 273 3642 sic
290 3587 392 3642 tradit:
411 3602 451 3642 ses
464 3605 491 3642 ur
505 3617 539 3628 —
553 3603 624 3641 veens.
662 3587 727 3641 adu.
747 3589 806 3641 erit.
826 3587 861 3652 cs.
877 3585 914 3638 od
934 3586 1012 3638 Vorr.
1029 3585 1045 3638 l.
1060 3601 1082 3636 e.

833 3673 867 3726 6*
