2534 3908
166 182 210 246 42
348 184 556 236 Grammaticos
575 184 824 237 antevanonisnse
843 183 1003 254 fragmento

239 344 332 397 Diom.
343 361 373 412 p.
388 348 451 410 487,
464 347 502 398 23
521 343 572 398 alii
591 347 686 397 sutem
703 346 807 413 pulsnt
826 360 843 397 s
860 343 941 400 faece
961 347 1036 416 [tosto
1050 347 1123 400 Hor.
1134 348 1198 401 ΑΡ

165 413 234 484 275]
254 446 297 468 -.
325 429 365 468 uu
380 447 412 454 —
427 430 567 470 duodecimo.
595 421 627 470 at
641 416 792 471 Horatium
811 419 852 470 ita
866 417 1008 472 Lucilium
1026 418 1195 473 denomino

158 492 191 540 ,rt
209 486 315 556 oripirio
333 487 489 556 trapoodiao
508 488 610 542 diabse
625 489 714 542 Marco
724 487 906 556 probabiliter
919 489 1063 543 coooeridit.
1093 491 1127 544 do
1141 491 1196 545 boc

166 558 224 611 loeo
242 558 276 623 os.
298 558 385 612 Varro
403 558 483 624 iufra
500 559 537 624 fr.
553 563 613 613 304.

593 694 638 751 22
662 685 755 771 [452]

166 797 184 854 l.
201 796 299 855 XIII.
337 801 375 856 ut
389 798 603 872 perhibetur
616 799 721 874 iners,
735 817 792 858 ars
806 799 843 857 in
857 819 925 874 quo
939 818 1007 858 non
1021 801 1092 858 erit
1107 801 1193 859 ulla..

237 895 311 950 Sero.
331 897 408 950 Dari.
427 913 515 967 peorp.
535 901 561 962 4,
574 901 612 951 25
644 913 717 965 quse
739 914 792 951 vox
818 897 916 969 [iners]
941 897 1055 966 ponitur
1078 930 1114 938 -
1140 917 1194 968 pro

166 982 199 1019 oo
223 967 272 1033 qui
296 968 356 1021 sine
379 969 439 1022 arte
459 969 504 1034 sit,
527 970 559 1021 ut
580 969 656 1038 opud
674 968 813 1022 Lucilium
833 968 926 1040 [llum
945 970 1034 1041 colo]
1053 970 1194 1025 intortio

167 1037 288 1093 decimo:
307 1057 333 1093 ut
347 1071 380 1078 —
395 1055 448 1092 uua.
476 1041 513 1093 irl.
524 1040 593 1094 Aea.
604 1045 694 1106 4,158
712 1040 787 1094 iners
801 1041 912 1108 propris
927 1041 996 1108 quid
1010 1041 1047 1094 sit
1062 1040 1194 1095 Lucilius

167 1108 306 1164 declarat:
326 1129 352 1165 ut
366 1142 399 1150 -
414 1126 467 1164 una.
495 1113 530 1178 of.
547 1112 828 1179 055656552115,
855 1113 938 1168 Paul.
953 1113 1027 1167 Fest.
1039 1130 1068 1180 p.
1084 1118 1151 1180 110,
1166 1118 1193 1167 9.

166 1180 240 1235 Sero.
260 1183 318 1236 boo.
334 1185 415 1248 824.
449 1184 517 1237 Isid.
537 1187 708 1248 5516142.
742 1184 802 1251 diff.
817 1185 886 1238 verb.
901 1188 966 1238 296.
999 1183 1085 1240 Sobol.
1101 1185 1193 1239 Bora.

166 1252 225 1306 boo.
239 1257 266 1318 8,
275 1257 319 1308 24.
353 1253 457 1308 Donat.
479 1255 535 1308 Ter.
555 1255 636 1308 oodr.
652 1259 677 1320 3,
688 1259 715 1320 5,
723 1255 766 1309 2.1
799 1254 876 1310 GGL
892 1255 937 1308 VI
946 1259 1009 1309 568.
1042 1272 1105 1310 oum
1126 1257 1194 1310 lasti

165 1324 308 1379 verboram
333 1326 420 1380 Varro
439 1332 489 1379 sat.
511 1329 565 1379 359
584 1327 620 1379 B.
642 1325 719 1380 Ouid.
740 1344 788 1380 ars
806 1343 859 1380 arn.
878 1331 904 1392 3,
917 1330 982 1380 208.

238 1414 303 1486 orit]
323 1418 365 1468 est
384 1415 456 1470 Serv.
476 1432 564 1487 peorp.

594 1551 638 1608 23
662 1543 756 1627 [495]

166 1654 184 1711 l.
207 1653 277 1713 XV.
337 1654 407 1713 soit
434 1655 626 1731 posstiaon
653 1673 742 1729 osse,
774 1655 875 1714 videt
897 1657 1022 1714 tunica
1046 1657 1081 1712 et
1099 1657 1192 1734 toga

1008 1744 1095 1820 quid
1131 1748 1191 1804 sit.

238 1833 312 1887 Nori.
329 1851 358 1902 p.
378 1838 490 1901 536,15
512 1834 610 1889 tunica
633 1837 676 1888 est
701 1835 896 1889 vestimentum
920 1834 979 1888 sine
1002 1833 1131 1888 manicis.
1157 1867 1191 1874 -

165 1903 290 1958 Lucilius
314 1907 472 1958 saturarum
491 1905 540 1960 lib.
560 1906 584 1960 I:
609 1908 657 1979 [12
676 1906 759 1978 Μα.].
797 1907 873 1960 idem
891 1905 939 1959 lib.
959 1905 1022 1959 XV:
1046 1919 1089 1959 solt
1103 1937 1139 1945 —
1155 1922 1192 1961 sit.

162 1977 319 2044 philosophi
334 1979 483 2046 praecipuo
501 1978 642 2032 Platonici
658 1979 749 2044 faceto
767 1979 968 2048 oipnifiootioae
986 1977 1126 2046 appellari
1150 1979 1190 2031 oi-

165 2048 265 2102 deotar
284 2049 385 2117 (Marco
402 2052 515 2118 2184).

237 2138 385 2205 poestioon
404 2140 510 2193 Keller:
529 2138 661 2206 poetioon
751 2140 878 2193 tunicum

592 2275 636 2332 24
661 2267 755 2352 [549]

165 2376 321 2435 LXVII.
390 2381 420 2438 si
452 2397 582 2440 messes
620 2379 712 2439 facis
751 2398 806 2430 **
844 2377 963 2436 Musas
996 2380 1027 2437 si
1059 2379 1189 2438 vendis

1000 2467 1190 2528 Lavernae

237 2556 311 2609 Nori.
331 2561 492 2625 1513135
522 2557 657 2623 Lauerna,
677 2557 776 2630 (d>es
795 2558 840 2611 oui
863 2556 1025 2626 supplicant
1047 2556 1133 2610 fures.
1155 2589 1189 2598 -

165 2626 465 2753 {sxtielffiwssitlssrXVffi
494 2643 513 2682 st
527 2659 553 2668 -
566 2643 688 2684 Lavernae.
721 2632 752 2683 iri
775 2630 824 2683 boe
842 2634 867 2683 ot
888 2645 957 2697 seqq.
980 2629 1081 2700 srapm.
1101 2627 1190 2683 Stoici
1247 2637 1248 2644 ’

185 2858 191 2870 .
237 2787 400 2869 sinsemissi'
421 2789 521 2844 Doasa
539 2797 565 2844 et
585 2789 690 2845 Onioas
743 2787 814 2843 tacis
834 2787 906 2861 (ot)
927 2791 1031 2855 Mara;
1056 2789 1189 2843 locarium

163 2874 274 2928 siprrari

592 2978 637 3036 25
661 2970 755 3054 [550]

165 3081 183 3138 l.
203 3081 313 3142 XVII.
360 3085 481 3142 uetera
500 3085 698 3142 coutemnit
713 3086 748 3142 et
766 3085 803 3141 iu
821 3100 931 3141 usura
945 3084 1063 3141 omnia
1081 3085 1187 3157 ponit
1246 3071 1247 3147 l

357 3191 427 3231 non
450 3191 590 3249 mugnu3
618 3174 804 3248 proprium
828 3191 911 3230 voro
934 3171 987 3229 nil
1010 3173 1186 3230 nemiuem

1000 3260 1140 3319 habere.

237 3350 311 3404 Noa.
323 3369 352 3420 p.
368 3355 429 3418 361,
443 3354 482 3405 27
500 3352 644 3420 proprium
662 3368 772 3404 rursum
791 3349 932 3421 significat
954 3351 1131 3419 perpetuum.
1152 3381 1185 3389 —

165 3420 289 3474 Lucilius
309 3424 466 3475 saturarum
486 3421 534 3476 lib.
554 3422 643 3476 XVII:
663 3440 737 3477 cetera
752 3455 785 3462 -
800 3437 888 3477 habere.
916 3423 951 3489 cf.
968 3423 1058 3476 ῙΛᾹθῑἸ.
1078 3421 1115 3488 sr-
1131 3427 1184 3476 701

166 3491 228 3545 Ma.
266 3493 354 3548 Varro
373 3501 423 3548 sot.
444 3499 478 3548 71
498 3495 534 3547 B.
554 3496 586 3549 de
604 3512 633 3548 re
651 3496 686 3561 t'r.
701 3498 745 3549 24.
1245 3509 1246 3516 ’

238 3588 251 3633 1
273 3583 434 3651 contempni
453 3583 544 3654 Lapd.
563 3601 597 3638 m.
618 3589 634 3638 1
