2534 3908
185 189 413 260 Indigitamenta.
450 189 582 244 Naevius.
618 188 730 243 Fabius.
768 189 887 244 Cincius.
924 189 1032 244 Ennius
1100 189 1117 252 'I

178 351 266 406 Varro
289 352 322 405 de
344 352 362 405 l.
382 351 416 405 L.
437 355 464 416 5,
474 354 509 404 53
531 365 640 405 hune-
656 365 760 412 appellat
791 350 874 404 Paul.
893 351 968 405 FeSI.
983 367 1014 420 p.
1028 353 1122 418 220,5
1158 347 1160 350 ⁵

99 421 255 488 Palatium,
278 421 310 474 id
333 424 376 476 est
398 439 478 476 mons
496 421 610 487 Romae,
635 419 797 490 appellatus
820 423 863 474 ast
881 421 958 490 quod
976 420 1018 474 ibi
1036 438 1122 491 pecus

98 509 219 562 pascens
240 492 338 547 balare
362 492 547 558 consueverit,
573 492 618 546 vel
640 492 717 561 quod
739 491 837 562 palare
860 492 891 545 id
909 495 952 546 est
970 509 1062 547 errare
1081 491 1122 546 ibi

99 564 222 634 pecudes
237 563 366 618 solerent.
394 564 626 633 efiSolia.1,15.
654 564 728 620 Seia.
744 564 814 618 Aea.
829 569 901 630 &51
921 566 965 634 (ex
980 565 1121 634 Varrone).

100 637 170 690 Isid.
189 653 228 692 er.
248 640 291 704 15,
307 639 334 702 3,
349 640 375 690 5.

361 823 405 928 Q.
439 823 638 910 FABIUS
670 824 861 910 PIOFOR

493 973 543 1026 EX
557 972 735 1028 HISTORIIS

477 1073 526 1158 [H
527 1080 593 1138 RF
613 1081 635 1138 2
657 1074 753 1159 Peter]

166 1187 278 1246 Fabius
301 1181 363 1265 (a)
387 1186 495 1246 Siculis
517 1187 666 1263 profectos
690 1189 830 1263 corrupto
853 1188 972 1246 nomine
994 1186 1121 1248 Vulseos

100 1279 147 1335 m
170 1276 335 1412 IIIIOSeodd.
355 1357 442 1412 eecles.
464 1357 546 1412 Tolet.
565 1358 604 1411 ad
621 1374 660 1412 or.
675 1361 702 1422 4,
717 1360 742 1422 7,
758 1361 793 1410 34
812 1355 971 1411 Alexander
989 1329 1121 1411 historio-

99 1428 225 1498 graphus
245 1427 298 1483 ait:
322 1427 440 1483 Vulseos
464 1427 580 1497 quidam
604 1427 763 1498 appellatos
783 1427 863 1482 aiunt
882 1445 899 1482 a
917 1426 1020 1482 Vulsco
1039 1427 1121 1481 Anti-

97 1499 204 1569 phatae
223 1499 422 1570 Laestrygonis
442 1498 508 1554 filio.
544 1513 629 1554 sebius
647 1517 758 1568 quoque
777 1525 792 1553 a
805 1531 839 1540 -
854 1514 933 1555 uicina

176 1587 188 1633 1
211 1595 229 1634 a
248 1578 315 1651 Sin]
335 1579 455 1634 sicolieis
474 1581 516 1635 vel
534 1579 574 1633 sie
593 1578 689 1634 eolieis
708 1579 785 1635 codd.

279 1806 324 1890 L.
359 1803 586 1890 CINCIUS
619 1803 941 1890 ALIMNNFUS

493 1953 542 2006 EX
555 1952 734 2007 HISTORIIS

473 2063 590 2148 [Han
609 2071 632 2129 a
654 2063 750 2148 Peter]

167 2174 289 2236 Cincius
300 2179 330 2235 et
340 2174 459 2236 Cassius
474 2170 527 2255 [fr.
535 2171 570 2256 3]
586 2178 671 2236 aiunt
686 2175 723 2234 ab
732 2175 873 2236 Euandro
883 2176 1020 2234 Faunum
1032 2175 1120 2235 deum

98 2266 295 2341 appellatum,
318 2264 442 2341 ideoque
466 2265 553 2324 aedes
576 2284 675 2324 sacras
696 2266 803 2324 saunas
821 2266 919 2341 ptimo
943 2265 1121 2340 appellatas,

97 2356 205 2429 postea
211 2353 284 2414 fana
291 2355 380 2429 dieta,
393 2358 423 2414 et
432 2374 467 2414 ex
475 2355 677 2430 aequilatura
684 2354 1043 2429 praecinerentfanatieos
1051 2354 1118 2414 diei

170 2444 588 2514 Sew.Daa.9.1,102mciue
602 2475 636 2483 -
651 2458 701 2498 ua.
739 2445 798 2498 Ine.
818 2443 850 2498 de
868 2444 928 2510 diff.
950 2443 1043 2499 OGK
1060 2444 1123 2498 VII

98 2519 163 2581 523,
176 2519 218 2570 28
240 2515 338 2569 fanum
356 2515 452 2569 Fauno
472 2517 672 2582 consecratum,
698 2515 773 2568 unde
791 2513 882 2568 Fauni
901 2513 1120 2584 appellabantur

96 2586 177 2656 prins
196 2588 226 2640 et
243 2585 288 2640 illi
306 2585 356 2656 qui
373 2586 553 2656 vagabantui
570 2585 697 2640 fanatici.
729 2587 764 2653 ef.
786 2587 874 2642 Varro
893 2586 925 2640 de
943 2588 960 2640 I.
978 2587 1012 2640 L.
1033 2592 1060 2654 6,
1075 2591 1118 2642 54.

99 2658 181 2712 Rae.
204 2659 282 2730 Vere.
300 2677 326 2729 9.
345 2660 362 2713 l.
378 2675 399 2712 e.
425 2665 520 2714 utrum
542 2659 607 2712 haee
629 2658 667 2712 ad
690 2658 859 2712 Atimetum
882 2675 921 2711 aa
944 2658 982 2712 ad
1004 2659 1120 2712 alteriue

99 2730 227 2784 Oiaeium
244 2731 411 2798 peniteant,
431 2730 545 2784 dubium
563 2736 616 2795 est;
637 2730 685 2784 sed
701 2746 800 2783 nomeu
819 2730 911 2784 Cassii
927 2729 1063 2784 adiectum
1081 2730 1120 2783 ad

93 2803 218 2869 priorem
234 2802 332 2855 aeetias
344 2803 423 2869 facit,
441 2818 525 2869 neque
539 2817 630 2856 rerum
643 2802 800 2870 scriptorem
814 2802 992 2868 veriloquium
1006 2801 1119 2866 dedecet,

97 2889 266 2941 quamquam
291 2871 402 2927 Seree'us
426 2873 460 2926 L.
489 2873 613 2927 (lineium
641 2889 739 2926 rursus
765 2872 883 2938 afferens
909 2873 1119 2941 eremmalieam

97 2944 231 3016 iutelleyit
249 2944 295 3012 (ef.
315 2944 353 2998 ad
370 2945 443 2998 hwite
460 2944 496 3010 fr.
513 2947 566 3013 16).

460 3131 504 3236 Q.
538 3131 748 3217 ENNIUS

473 3281 521 3334 ΕΧ
540 3280 749 3334 ANNALIBUS

472 3381 572 3466 1[59
602 3379 744 3466 Vaaiffl]

161 3495 338 3554 nominatae
363 3488 493 3573 [tribus]
515 3498 550 3554 ut
574 3496 618 3553 ait
640 3495 765 3568 Ilnuius,
789 3494 936 3552 Titienses
960 3493 997 3551 ab
1020 3493 1118 3566 Tatio,

95 3585 280 3644 Ramnenses
304 3584 341 3643 ab
364 3585 502 3643 Romulo.
