2442 3902
339 179 342 188 ·
416 149 452 204 M.
472 150 618 204 Terentius
637 150 725 204 Varro
1012 147 1076 212 325

520 320 539 362 *
549 322 613 377 311

126 425 252 488 Crassus
275 427 367 487 Dives
394 427 508 503 primus
532 427 656 505 argento
685 444 818 502 auroque
842 425 917 508 folia
941 425 1077 486 imitatus
1141 411 1144 416 ¹

59 516 139 575 ludis
163 518 227 576 suis
250 534 374 576 coronas
398 515 488 591 dedit,
512 518 758 591 accesseruntque
781 517 812 574 et
834 515 978 588 lemnisci,
1002 533 1078 591 quos

59 605 138 664 adici
156 607 292 684 ipsarum
307 623 483 664 coronarum
500 606 595 663 honor
614 608 686 680 erat,
704 607 828 681 propter
841 605 992 678 Etruscas,
1012 604 1078 680 qui-

59 694 114 753 bus
142 695 229 772 iungi
258 695 316 754 nisi
345 695 429 753 aurei
457 713 516 754 non
543 693 699 754 debebant.
746 696 815 769 puri
842 693 894 752 diu
921 694 1005 753 fuere
1032 692 1077 768 hi,

59 782 176 844 caelare
200 803 250 844 eos
272 785 389 860 primus
411 783 546 843 instituit
568 783 600 842 P.
621 781 763 842 Claudius
782 783 909 842 Pulcher
930 783 1103 842 bratteas-⁵

60 893 116 948 que
140 874 233 932 etiam
256 873 395 949 philyrae
418 872 509 932 dedit.

130 973 208 1027 Plio.
222 990 250 1026 a.
264 973 290 1025 b.
305 977 350 1038 21,
365 976 383 1026 6
397 985 488 1026 massus
503 1003 526 1012 -
542 986 609 1026 aaut.
637 972 672 1038 cs.
689 973 808 1025 Mrbezcr
822 971 888 1025 ibid.
900 987 929 1039 p.
940 974 1004 1025 259.
1016 973 1076 1024 315.

130 1085 147 1131 4
167 1079 214 1132 hic
228 1080 320 1134 Paris.
336 1079 400 1134 Lot.
416 1084 489 1134 6797
515 1079 537 1132 ii
552 1080 628 1134 Ricc.
746 1083 762 1131 t
782 1077 824 1149 Ρ.]
840 1077 867 1132 C.
885 1079 945 1132 cult
959 1080 1078 1133 Maceror

57 1165 84 1216 p.
101 1154 154 1204 145
174 1153 238 1206 adn.
255 1157 270 1205 1
343 1150 526 1218 bracteasquc
545 1153 596 1220 (ccl
610 1150 717 1219 ,·ttias-)

519 1303 615 1362 *312

127 1407 158 1467 O.
174 1408 324 1468 Antonius
338 1409 425 1470 ludos
439 1428 546 1468 scaena
560 1411 703 1487 argentea
717 1409 797 1485 fecit,
811 1409 883 1466 item
898 1407 930 1466 L.
944 1407 1076 1466 Murena.

130 1509 207 1562 Ptin.
222 1525 250 1561 n.
265 1509 290 1561 b.
306 1511 350 1575 33,
365 1512 401 1563 53
420 1506 533 1575 Caesar,
557 1507 607 1576 qui
624 1509 723 1576 postea
742 1507 864 1562 dictator
882 1505 950 1573 fuit,
970 1505 1076 1574 primus

63 1575 89 1629 in
117 1578 265 1632 aedilitate
293 1595 407 1633 munere
434 1579 523 1648 patris
551 1579 663 1633 firncbri
691 1579 767 1633 omni
790 1580 928 1647 apparatu
955 1577 1077 1630 harenae

67 1652 195 1717 argenteo
218 1668 284 1704 usus
309 1653 364 1719 est,
389 1650 519 1719 ferasque
543 1651 629 1704 etiam
652 1651 793 1722 argenteis
817 1650 889 1703 vasis
910 1649 1076 1703 incessivere

65 1720 121 1772 tum
138 1721 262 1789 primum
280 1722 370 1790 noxii,
389 1724 464 1790 quod
483 1723 540 1775 iam
560 1723 645 1776 etiam
664 1723 694 1776 in
713 1721 874 1790 municipiis
894 1719 1077 1774 aemulentur.

65 1802 84 1843 G.
91 1804 204 1848 Antonius
214 1824 238 1833 -
248 1807 382 1849 IsMurena.
410 1795 445 1861 cf.
459 1795 518 1849 Val.
531 1795 612 1849 Max.
622 1799 650 1861 2,
660 1798 714 1860 4,6
728 1810 813 1861 quam
823 1795 913 1847 iotam
928 1792 1078 1864 [scaenam]

67 1867 179 1932 argento
193 1863 221 1919 C.
237 1863 384 1934 Antonius,
405 1883 471 1919 auro
486 1865 620 1933 Petreius,
636 1864 718 1921 ebore
734 1863 764 1930 Q.
781 1864 897 1920 Catulus
910 1863 1077 1933 praetexuit.

68 1935 99 2000 cf.
118 1935 156 1988 ad
173 1937 209 2002 fr.
226 1940 287 1992 309.

519 2072 615 2129 *313

127 2187 235 2246 habuit
264 2189 294 2246 et
321 2205 428 2246 scaena
455 2187 534 2246 ludis
564 2185 682 2246 Claudii
705 2185 829 2244 Pulchri
858 2204 1000 2263 magnam
1028 2185 1077 2244 ad·

68 2272 252 2336 mirationem
288 2275 437 2352 picturae,
475 2295 541 2335 oum
575 2276 612 2334 ad
644 2275 815 2354 tegularum
850 2273 1078 2333 similitudinem

69 2364 143 2422 corvi
168 2364 284 2441 decepti
306 2366 437 2444 imagine
461 2365 645 2425 advolarent.

132 2464 209 2518 Plio.
224 2483 251 2519 n.
267 2465 291 2518 h.
308 2467 352 2530 35,
366 2467 403 2518 23
421 2478 502 2518 habuis
516 2495 540 2504 -
555 2479 691 2518 advolarent.
711 2464 771 2518 Vel.
787 2467 866 2517 Marc.
880 2467 907 2530 2,
923 2468 948 2528 4,
964 2467 982 2516 6
997 2461 1078 2516 Glau-

69 2529 125 2586 clius
151 2533 272 2589 Pulcher
298 2551 428 2588 scaenam
455 2533 593 2590 varietate
625 2535 748 2590 colorum
781 2533 958 2590 adumbravit
984 2533 1079 2588 vacuis

70 2605 128 2658 ante
145 2605 258 2675 pictura
275 2605 381 2660 tabulis
401 2607 551 2661 extentam.
579 2608 613 2674 cf.
631 2609 667 2674 fr.
688 2611 748 2662 309.
769 2610 831 2662 310.
851 2607 944 2673 Bethe,
972 2607 1077 2678 Prolcy.

69 2689 89 2726 ².
104 2676 194 2732 Geecb.
209 2679 236 2732 d.
253 2679 345 2733 Theai.
360 2679 398 2732 im
412 2679 509 2733 Alteri.
529 2679 607 2748 (Lpz.
624 2681 706 2748 1896)
720 2696 750 2747 p.
766 2681 828 2732 307.

133 2789 148 2837 3
169 2783 322 2854 imaginem
345 2784 420 2839 Ricc.
440 2785 527 2840 Vatic.
548 2787 626 2840 Leid.
707 2784 873 2840 advolarent
895 2785 978 2839 iidem
1002 2785 1077 2839 codd.

72 2857 172 2910 -assent
189 2857 289 2926 auspic.
310 2857 443 2928 Mayhoff
457 2858 515 2912 coll.
535 2859 610 2912 Plio.
631 2862 675 2924 35,
691 2861 727 2911 66

433 3043 434 3048 1
522 3008 616 3066 *314

130 3115 250 3173 theatra
277 3114 363 3173 iuxta
391 3114 448 3175 duc
471 3115 544 3174 iecit
574 3108 620 3194 [0.
638 3109 741 3194 Curio]
773 3115 958 3190 amplissima
986 3115 1079 3193 ligno,

75 3201 219 3262 cardinum
237 3203 425 3282 singulorum
443 3204 578 3264 versatili
597 3223 740 3280 suspensa
757 3203 945 3276 libramento,
963 3203 994 3262 in
1015 3206 1078 3281 qui·

73 3284 119 3348 bus
134 3295 270 3370 utrisque
294 3293 528 3354 antemeridiano
547 3293 685 3353 ludorum
709 3295 877 3369 spectaculo
901 3293 981 3352 edito
1000 3294 1079 3353 inter

73 3393 127 3437 sese
156 3382 282 3459 aversis,
319 3402 356 3442 ne
387 3383 516 3443 invicem
549 3383 754 3458 obstreperent
786 3401 922 3456 scaenae,
957 3385 1078 3458 repente

76 3465 261 3548 circumactis,
284 3475 321 3532 ut
339 3476 465 3547 constat,
488 3475 557 3548 post
579 3472 689 3548 primos
709 3471 771 3530 dies
795 3473 886 3530 etiam
909 3471 1105 3531 sedentibuss

75 3554 183 3639 aliquis,
207 3562 345 3622 cornibus
363 3563 395 3622 in
418 3581 450 3623 se
468 3561 644 3624 coeuntibus
662 3559 793 3620 faciebat
816 3560 1078 3636 amphitheatrum.
