2460 3900
163 206 207 270 84
345 206 551 261 Grammaticus
571 206 820 260 anteverronienas
840 206 999 276 fragmenta

599 401 743 456 DUBIUM

623 512 642 566 4
681 511 702 566 3

206 617 272 674 hae
297 635 386 690 quae
409 618 586 674 vocantur
608 501 756 674 feb[uI]ae
780 615 928 675 Terenti
951 635 1050 692 opus,

206 707 309 764 cuiae
337 702 444 763 sunt?
481 723 549 764 non
576 705 653 779 hes,
683 705 762 763 iura
791 707 853 779 qui
878 706 1023 782 populis
1052 700 1181 785 [reten-

924 789 1036 873 tibus]
1061 795 1181 868 dabui,

206 902 341 943 summo
365 877 478 961 (ille)
500 883 634 942 honore
658 883 814 942 affectus
838 884 927 942 fecit
950 883 1121 942 fabulas?

235 975 341 1028 Donat.
366 974 413 1026 ml.
443 974 501 1026 Ter.
517 990 547 1041 p.
563 977 594 1038 9,
614 977 651 1027 18
675 973 716 1026 W.
757 972 896 1041 Scipionis
921 972 1033 1027 fabulas
1058 974 1182 1028 edidisse

162 1044 326 1099 Terentium
336 1048 354 1110 †
363 1042 510 1114 Vallegius
524 1044 553 1096 in
568 1044 679 1098 actione
693 1043 851 1114 [Vigellius
866 1045 1016 1100 coniecerat
1024 1046 1182 1108 Buecheler,

158 1123 254 1184 posim
269 1115 443 1184 probabilius
461 1114 624 1178 Volcacius,
647 1133 724 1184 quem
746 1122 853 1170 secutus
875 1117 940 1182 Leo,
965 1117 1017 1171 Ra.
1038 1117 1118 1171 Mus.
1139 1121 1181 1170 38.

163 1191 238 1242 1883
257 1205 287 1257 p.
302 1190 356 1241 321
384 1187 491 1256 reliqua
516 1186 547 1240 in
572 1187 782 1241 enumeratione
807 1187 974 1258 immutavit]
1003 1187 1056 1240 aii:
1084 1203 1131 1241 hae
1150 1219 1180 1226 —

160 1273 256 1313 rasum
289 1260 325 1325 es.
339 1259 376 1325 fe.
390 1261 417 1312 2.

236 1337 250 1382 1
269 1328 323 1384 hae
347 1329 415 1399 (he):
439 1331 506 1382 tuae
529 1329 759 1384 Windisclemann
829 1328 890 1384 Ter.
915 1346 959 1398 op.
982 1331 1134 1385 Buecheler
1152 1346 1182 1382 ea

161 1417 212 1469 seq.
227 1402 279 1454 ret.
353 1407 368 1454 2
384 1400 433 1467 qui
447 1400 521 1453 iura:
537 1408 641 1468 transp.
653 1401 760 1455 Ritsebl
804 1401 960 1454 retentibus
975 1402 1066 1456 Paris.
1078 1403 1122 1470 (in
1132 1417 1180 1469 my.

161 1472 298 1526 terentius
307 1473 422 1540 Daniel)
431 1471 642 1549 recensentibus
650 1472 896 1527 rell.:dcl.llitscbl
954 1471 1180 1527 billenddidem

496 1716 541 1798 L.
574 1713 841 1799 MANILlUS

162 1952 273 2006 VITAE
509 1883 546 1948 A.
570 1881 838 1948 TESTIMONIA

239 2047 263 2097 1.
285 2042 450 2097 ‘Manilius’
471 2043 570 2112 leyitur
584 2042 661 2111 amiel
680 2042 829 2096 Varronem
847 2041 891 2109 (de
904 2043 922 2095 l.
937 2043 971 2095 L.
986 2042 1037 2110 bis)
1057 2041 1180 2096 Plinium

163 2113 347 2181 i‘Mamilius’
358 2115 438 2168 semel
448 2114 478 2166 in
489 2111 576 2179 codri,
588 2113 751 2168 ‘Manilium’
765 2113 918 2183 [mamilius
927 2113 1069 2183 Riccard]
1084 2114 1179 2168 iterum
1217 2125 1218 2185 i

163 2190 189 2239 et
206 2187 238 2239 in
255 2185 355 2254 indice)
375 2185 530 2239 Arnobium
548 2185 677 2250 Festum,-
701 2184 853 2239 ‘Manlius'
874 2185 951 2252 amad
970 2185 1121 2239 Varronem
1141 2183 1180 2250 (de

163 2273 212 2310 noe
239 2257 382 2322 Phoenice,
409 2264 442 2310 ui
469 2257 611 2310 Manilius
637 2256 751 2324 Plenum
781 2255 910 2318 ‘Asinus
933 2255 1075 2318 Mellitoc’
1106 2253 1180 2324 apisci

164 2328 333 2398 Dionysium
338 2349 349 2394 ;
371 2329 422 2382 sub
440 2328 540 2396 quibus
557 2327 716 2382 nominibus
735 2327 888 2382 Mommsen
912 2327 1026 2382 eundem
1047 2327 1179 2382 bominem

165 2399 249 2453 latere
276 2399 410 2453 inlellenit
437 2399 502 2466 (Bb.
524 2400 599 2453 Mus.
616 2403 659 2453 16.
689 2403 761 2453 1861
775 2416 805 2468 p.
821 2402 878 2452 284
891 2400 949 2467 sm).
991 2399 1064 2451 bunc
1092 2404 1179 2452 autem
1216 2411 1217 2439 1

164 2470 278 2524 eundem
292 2487 346 2525 esse
360 2476 441 2538 atque
454 2472 664 2539 scommaticum
678 2487 707 2524 eo
721 2469 898 2524 uuisimilius
906 2475 952 2535 esi,
966 2469 1039 2538 quod
1050 2469 1083 2523 de
1093 2474 1179 2539 posu·

163 2543 235 2596 riore
253 2542 437 2596 iestinmnium
455 2542 545 2609 (infra
558 2543 585 2610 4)
605 2558 688 2609 aeque
705 2548 787 2610 atque
796 2543 903 2610 primu
916 2542 1010 2595 omnia
1025 2541 1178 2610 fraumenta

163 2630 182 2667 a
201 2613 326 2666 Varrone
348 2618 458 2681 occepta
479 2618 552 2666 sunt.
587 2612 713 2682 alioquin
739 2613 775 2678 cs.
795 2612 910 2678 Eusebi,
933 2611 1048 2682 Parery.
1069 2629 1098 2681 p.
1118 2615 1178 2666 242.

163 2684 349 2809 {literoffentii
370 2683 544 2750 Hirschfeld,
570 2683 653 2738 Siiub.
672 2684 698 2738 d.
718 2683 1083 2751 Proculianum.
1099 2683 1179 2753 pbil-

181 2757 225 2809 εει.
279 2795 285 2807 .
311 2759 385 2808 1903
408 2772 438 2824 p.
453 2759 478 2808 4.

234 2828 262 2880 2.
292 2827 367 2881 Plin.
383 2844 410 2879 u.
425 2827 450 2879 b.
467 2832 510 2893 10,
525 2831 542 2879 4
560 2825 668 2895 primus
687 2828 773 2893 atque
792 2824 1008 2894 diligentissime
1021 2827 1178 2895 togatorum
1214 2881 1215 2890 ,

164 2896 199 2950 de
222 2912 255 2950 eo
280 2895 341 2968 [ave
360 2897 502 2968 phoenice]
528 2896 654 2966 prodidit
677 2895 810 2950 Manilius
837 2899 949 2951 senator
975 2896 1026 2951 ille
1051 2896 1177 2950 maximis
1214 2897 1215 2945 i

164 2967 269 3022 nobilis
284 2968 419 3022 doctrinis
429 2968 543 3022 doctore
557 2967 636 3022 nullo
645 3000 688 3021 —.
717 2973 734 3022 5
748 2985 812 3021 cum
825 2967 909 3021 huius
922 2967 998 3021 alitis
1013 2968 1072 3022 vita
1085 2965 1177 3037 magni

165 3039 374 3094 conversionem
393 3040 460 3093 anni
478 3040 543 3093 fieri
561 3040 656 3108 prodit
673 3040 750 3094 idem
768 3039 901 3093 Manilius
915 3071 948 3079 —
969 3042 998 3094 et
1016 3039 1104 3094 fuisse
1123 3041 1177 3092 eius

165 3110 352 3165 conversionis
371 3128 475 3164 annum
493 3112 630 3180 prodente
649 3128 679 3165 se
697 3111 726 3164 P.
746 3110 854 3165 Licinio
874 3109 922 3165 Cn.
937 3109 1065 3165 Cornelio
1083 3127 1177 3165 consu·
1213 3157 1214 3164 ,

164 3180 239 3236 libus
258 3182 296 3253 [a.
317 3181 429 3254 657l97]
449 3180 563 3236 CCXV.
599 3184 751 3238 Mommsen
769 3182 835 3237 ibid.
855 3200 916 3236 eum
938 3200 995 3238 non
1018 3183 1106 3237 alium
1129 3197 1177 3238 esu

164 3254 324 3322 suspicatur
333 3270 366 3308 ac
375 3254 409 3307 L.
421 3254 564 3308 Manlium
574 3261 795 3324 proaemestorem
804 3253 897 3309 Sullae
909 3272 935 3308 a.
946 3253 1049 3324 mosea
1060 3253 1176 3308 Galliae-

165 3341 216 3393 que
234 3325 424 3379 Narbmieusis
438 3325 593 3395 praesidem
613 3343 638 3379 a.
659 3325 768 3397 ⁶77l77.

167 3447 398 3503 SCRIPTORUM

238 3541 263 3590 3.
282 3538 383 3592 librum
401 3555 493 3592 uerum
511 3541 728 3594 memorabilium
746 3558 765 3594 a
785 3540 909 3595 Manilio
926 3539 1058 3608 mmpmm
1077 3555 1130 3594 esee
1145 3555 1176 3592 es

166 3608 222 3663 loeo
232 3609 324 3662 Plinii
337 3610 404 3678 (leel.
413 3611 451 3678 2),
466 3627 499 3666 ea
513 3611 592 3666 Vane.
603 3611 636 3665 ele
649 3614 666 3667 l.
677 3611 712 3665 L.
723 3615 749 3679 5,
759 3614 804 3679 32,
819 3612 1000 3683 eaDiouysio
1012 3611 1081 3665 Hal.
1095 3612 1173 3679 antiq.
