2460 3900
157 133 222 198 144
304 133 510 190 Grammaticus
530 139 631 192 aetatis
650 137 841 194 Varronianus
859 139 1020 210 fragmenta

158 367 206 421 lud
227 300 444 422 tttptasthetllm
459 297 560 352 Caesar
575 315 642 353 usae
655 305 694 353 eet
709 299 886 354 Maiestatis
902 301 1063 371 (lmphata
1081 303 1115 368 cf.
1130 302 1166 355 De
1210 340 1214 385 l

203 403 214 420 ,,
239 386 250 421 ,
275 410 280 420 ,
307 385 319 420 e
346 410 351 421 ,
405 409 411 421 ,
1211 398 1214 409 .

158 527 389 584 SCRIPTORUM

230 650 255 700 3.
275 645 347 702 Suet.
370 647 424 700 Iul.
445 651 481 700 56
503 645 631 700 feruntur
654 649 683 701 et
706 665 723 700 a
745 664 831 716 puero
855 651 885 701 et
907 648 943 702 ab
965 647 1168 704 adulescentulo

158 718 299 788 quaedam
318 719 432 786 scripta,
449 720 483 770 ut
500 717 632 772 Laudes
651 718 825 784 Herculis,
848 720 997 786 tragoedia
1016 719 1168 788 Oedipus,

158 791 225 844 item
245 790 346 844 Dicta
365 787 594 854 collectanea,
614 807 683 859 quos
698 790 788 843 omnis
802 789 915 844 libellos
930 791 1020 845 vetuit
1033 793 1168 862 Augustus

158 860 299 932 publicari
317 861 347 913 in
367 859 497 929 epistula,
517 877 602 928 quam
619 861 731 916 brevem
750 861 902 916 admodum
916 879 949 918 ac
968 863 1126 932 simplicem
1139 861 1168 915 ad

158 932 322 1003 Pompeium
346 932 484 997 Macrum,
511 931 556 985 cui
580 931 749 986 ordinandas
775 932 963 989 bibliothecas
988 934 1168 1004 delegaverat,

159 1004 244 1060 misit.
277 1005 312 1071 cf.
328 1005 403 1059 Plat.
420 1002 494 1058 Osee.
509 1007 535 1057 2.
568 1004 629 1058 Tac.
646 1005 678 1057 de
692 1011 760 1059 crat.
774 1009 819 1059 21.
853 1006 928 1059 Plio.
944 1007 1021 1074 epist.
1037 1010 1064 1071 5,
1075 1010 1101 1073 3,
1110 1010 1134 1060 2.
1148 1009 1167 1057 5.

159 1078 191 1130 de
209 1078 312 1132 Itinere
330 1078 373 1131 ed.
393 1081 450 1130 test.
466 1079 492 1128 8.
526 1076 662 1143 posticum
680 1075 779 1145 froom.
799 1076 878 1142 iufra
892 1082 935 1131 31.

231 1173 257 1222 4.
276 1167 349 1222 stet.
371 1165 437 1218 ibid.
458 1167 493 1218 55
521 1162 683 1231 eloquentia
709 1163 882 1233 militarique
909 1156 940 1220 re
968 1168 1018 1219 aut
1047 1164 1169 1234 aequavit

159 1236 465 1308 praestantissimorum
488 1234 608 1305 gloriam
626 1237 676 1289 aut
695 1235 822 1290 excessit.
856 1236 910 1291 oa.
930 1239 1087 1292 Brasaca
1109 1250 1169 1290 ora

159 1311 272 1365 tiones
297 1309 356 1362 eius
381 1307 532 1377 [Caesaris]
555 1306 625 1360 mihi
644 1307 824 1362 vehementer
841 1307 1003 1376 probantur,
1028 1307 1168 1377 compluris

161 1386 255 1436 autem
269 1379 334 1450 legi.
364 1381 398 1446 cf.
413 1379 451 1432 id.
466 1381 549 1433 Brut.
564 1383 627 1433 252.
653 1378 747 1448 Quint.
763 1383 805 1444 10,
821 1383 920 1446 1,114.
948 1381 1010 1438 Tac.
1022 1398 1089 1434 aare.
1100 1384 1140 1444 13,
1148 1382 1167 1432 3.

160 1455 192 1509 de
211 1459 279 1508 orat.
296 1457 340 1506 21.
1068 1481 1071 1487 ·

233 1546 258 1596 5.
278 1541 350 1596 Suet.
365 1540 431 1594 idid.
443 1543 479 1593 56
500 1537 616 1605 reliquit
630 1541 659 1592 et
673 1555 765 1593 rerum
784 1554 897 1593 suarum
916 1539 1168 1595 commentarios

161 1613 264 1668 Gallici
287 1611 433 1678 civilisque
457 1609 526 1663 belli
549 1609 725 1677 Pompeiani;
749 1627 814 1663 narn
832 1610 1017 1664 Alexandrini
1036 1611 1168 1678 Africique

161 1687 190 1739 et
208 1683 403 1754 Hispaniensis
426 1682 549 1735 incertus
573 1683 671 1734 auctor
694 1683 749 1737 est:
773 1681 823 1736 alii
846 1681 969 1751 Oppium
992 1685 1108 1751 putant,
1128 1679 1169 1734 elii

160 1757 298 1822 Hirtium,
326 1755 375 1823 qui
399 1754 485 1808 etiam
508 1751 611 1806 Gallici
634 1752 703 1806 belli
724 1753 906 1808 novissimum
928 1753 1168 1822 imperfectumque

161 1828 265 1882 librum
284 1825 462 1896 suppleverit.

235 1923 260 1972 6.
281 1917 335 1973 (lic.
354 1916 614 1981 odfam.9,16,4
634 1913 671 1984 [a.
688 1915 810 1986 708s46]
830 1914 913 1969 audio
933 1914 1094 1978 Caesarem,
1116 1931 1168 1968 cnm

161 1989 304 2042 volumina
326 1987 384 2041 iam
407 1984 559 2041 confecerit
584 1985 873 2054 ἀποφθεγμάτων,
901 1986 1020 2055 siquod
1047 1986 1169 2040 afferatur

162 2061 197 2114 ad
214 2077 277 2116 eum
295 2076 345 2129 pro
359 2075 431 2124 meo,
449 2058 526 2127 quod
539 2072 634 2110 meum
651 2056 768 2124 nonsit,
786 2057 890 2113 reicere
905 2057 1002 2114 solere.
1036 2061 1071 2126 ef.
1086 2064 1139 2114 test.
1148 2060 1167 2109 3.

235 2154 259 2204 7.
281 2149 403 2203 Μαίη-οἶ).
425 2153 449 2212 1,
465 2152 508 2212 16,
523 2151 560 2201 39
586 2146 674 2200 Iulius
699 2145 800 2200 Caesar
819 2179 852 2188 —
871 2147 994 2202 siderum
1017 2150 1117 2212 motus,
1141 2146 1169 2198 de

162 2219 264 2290 quibus
290 2236 346 2274 uon
371 2219 499 2273 indoctos
526 2217 611 2273 libros
638 2217 765 2287 reliquit,
794 2217 829 2272 ab
849 2218 996 2288 Aegyptiis
1021 2217 1169 2289 disciplinis

161 2292 264 2346 hausit.
294 2292 368 2345 Pila.
384 2308 411 2344 a.
421 2291 447 2346 t.
464 2295 536 2356 1,18
555 2306 588 2343 ex
603 2321 636 2330 -
651 2289 680 2342 L.
692 2289 816 2356 Tenatio,
831 2291 880 2358 qui
895 2305 996 2358 graece
1015 2290 1055 2344 de
1074 2290 1168 2344 astris

163 2363 284 2432 scripsit.
323 2361 439 2416 Caesare
459 2362 605 2427 dictatore,
625 2361 673 2430 qui
692 2361 772 2416 item'

235 2457 261 2505 8.
280 2451 352 2508 Suet.
372 2452 428 2505 Iul.
443 2455 481 2505 56
507 2449 623 2519 reliquit
643 2481 676 2490 -
696 2450 923 2506 Anticatones
941 2450 1062 2505 totidem
1084 2451 1169 2521 [lauros

162 2524 242 2594 duos]
263 2540 295 2576 ac
309 2525 456 2592 praeterea
470 2537 579 2591 poema,
598 2522 674 2590 quod
690 2521 853 2576 inscribitur
865 2521 929 2576 Iter.
962 2539 1081 2590 quorum
1094 2521 1169 2576 libre

162 2613 224 2648 rum
246 2627 277 2634 —
297 2595 445 2663 sequentes
469 2594 670 2664 [Anticatones]
697 2592 748 2646 sub
767 2595 877 2662 tempus
895 2592 1060 2646 Mundensis
1078 2593 1167 2663 proelii

163 2667 201 2738 [a.
223 2665 343 2737 709s45]
376 2665 458 2729 fecit,
491 2665 674 2718 novissimum
701 2664 768 2716 dum
796 2664 833 2717 ab
861 2664 929 2717 urbe
957 2664 987 2718 in
1012 2663 1167 2734 Hispaniam

162 2736 324 2792 ulteriorem
343 2739 442 2805 quarto
462 2737 491 2789 et
508 2735 660 2790 vicensimo
680 2735 726 2788 die
744 2736 871 2805 pervenit
890 2734 1073 2808 [0708146]Ι

234 2831 259 2880 9.
276 2825 348 2882 Suet.
363 2825 429 2880 ibid.
456 2824 630 2894 epistulae
657 2842 767 2893 quoqne
785 2823 845 2878 eius
864 2825 901 2879 ad
926 2826 1054 2878 senatum
1073 2829 1166 2888 extant,

163 2914 232 2967 quus
255 2896 361 2967 primus
380 2895 491 2952 videtur
509 2897 546 2949 ad
564 2896 685 2966 paginas
704 2899 733 2950 et
751 2897 869 2950 formam
895 2895 1065 2950 memorialis
1087 2896 1166 2952 libelli

163 2969 346 3036 convertisse,
373 2984 436 3021 curn
455 2972 539 3022 antea
565 2968 693 3022 consules
712 2969 742 3021 et
759 2967 844 3022 duces
868 2985 924 3022 non
942 2966 998 3020 nisi
1021 2971 1167 3023 unusversa

164 3041 262 3096 charte
285 3039 406 3110 scriptas
428 3039 580 3093 mitterent.
623 3041 721 3092 extant
743 3041 773 3092 et
795 3039 832 3092 ad
852 3038 1024 3104 Ciceronem,
1050 3040 1116 3094 item
1137 3039 1166 3094 ad

163 3111 317 3166 familiares
337 3110 498 3165 domesticis
517 3110 660 3179 derebus,
678 3109 835 3178 inquibus,
853 3111 876 3163 si
891 3125 948 3179 qua
967 3109 1101 3164 occultius
1113 3128 1165 3180 per·

162 3183 279 3238 ferenda
297 3186 387 3248 erant,
405 3184 555 3251 pernotus
575 3182 700 3252 scripsit,
725 3181 757 3236 id
775 3185 819 3236 est
837 3180 877 3236 sio
897 3183 1003 3236 structo
1022 3181 1165 3236 litterarum

163 3254 268 3321 ordine,
288 3257 320 3310 ut
333 3253 443 3308 nullum
457 3253 572 3308 verbum
587 3253 661 3308 effici
675 3254 781 3323 posset3
801 3269 874 3321 quae
889 3253 991 3322 siquis
1009 3253 1164 3326 investigere

163 3329 193 3382 et
210 3326 342 3395 persequi
360 3324 443 3390 volet,
463 3327 592 3393 quartem
612 3324 813 3379 elementorum
832 3323 965 3392 litteram,
984 3324 1015 3377 id
1034 3326 1106 3380 estd
1122 3341 1164 3396 pro
1212 3353 1213 3358 κ

164 3403 228 3450 aet
245 3398 363 3466 perinde
385 3396 509 3464 reliquas
535 3399 696 3450 commutet.
733 3396 953 3464 cflGell.17,9.
988 3395 1017 3450 0.
1036 3398 1089 3452 Iul.
1108 3397 1163 3451 Vici.

163 3485 210 3522 ure
223 3469 289 3522 rtet.
304 3468 366 3522 XX
372 3469 432 3522 VII
443 3467 475 3521 de
489 3468 564 3536 epist.
575 3484 605 3535 p.
617 3471 670 3521 124
680 3469 721 3522 Μ.
755 3467 844 3536 (ΕΜ.
860 3469 924 3524 Lat.
939 3469 1006 3526 mia.
1019 3485 1048 3538 p.
1058 3469 1162 3536 uelli

169 3539 309 3605 Weietert,
327 3540 392 3606 imp.
408 3537 482 3593 (lues.
498 3539 571 3609 Aap.
585 3538 642 3592 rell.
660 3557 688 3608 p.
705 3542 759 3593 147
763 3555 801 3608 eq.
