2534 3908
324 150 365 204 De
383 149 458 202 ludis
476 149 635 202 litterarum
654 149 683 203 et
701 147 843 218 magistris
1043 145 1107 199 XXI

85 316 241 398 ληγόντων
269 317 422 395 ῥημάτων,
450 314 514 395 περὶ
545 316 773 392 διπλασιασμοῦ,
801 313 867 392 περὶ
891 311 1017 392 μέτρων,
1040 311 1106 391 περὶ

85 415 139 485 τῆς
163 415 224 465 τῶν
248 407 465 486 Συρακουσίων
493 403 659 482 διαλέκτου,
683 401 749 483 περὶ
768 400 965 482 Ἑλληνισμοῦ
979 397 1011 482 ς’,
1041 401 1132 482 nepio

87 498 248 575 συζυγιῶν,
263 494 329 576 περὶ
344 500 482 576 γλωσσῶν
490 489 522 571 ε’,
535 492 601 574 περί
608 502 667 553 τῶν
673 487 740 570 παρ’
749 488 865 578 Ὁμήρῳ
875 497 1025 573 γλωσσῶν,
1040 489 1106 570 περὶ

86 593 141 663 τῆς
160 583 319 644 Λακώνων
344 582 507 662 διαλέκτου,
525 582 589 661 περὶ
609 591 662 660 τῆς
683 575 776 654 Ἰάδος
800 579 951 642 διαλέκτου
975 579 1025 641 καλ
1047 589 1107 640 τῶν

86 679 211 733 λοιπῶν.
255 676 425 730 Ρλιλοκιιιυε
447 676 573 730 entremis
596 675 695 728 liberae
717 676 882 744 reipublicae
900 675 1064 744 temporibus
1082 679 1108 727 et

85 759 200 809 irnnnte
223 756 367 826 Anpnstea
390 762 476 810 aetate
499 757 599 810 vixisse
621 756 722 823 optimo
745 757 806 808 inre
831 755 1106 823 creditnr(1teiteen

85 829 172 892 stein,
201 827 294 881 Gesch.
321 828 346 881 d.
376 827 481 882 Grieen.
509 827 603 896 Etpm.
625 843 655 894 p.
676 830 738 879 180.
777 827 819 880 M.
843 826 916 880 Terr.
942 827 1021 880 Varr.
1047 825 1107 880 nnd

86 899 147 952 Ich.
168 913 192 950 ο.
213 899 303 952 Εκολ.
319 915 347 966 p.
368 901 424 966 87).
462 899 534 967 qnod
559 904 649 950 antem
674 897 765 950 Kleist
791 899 832 964 (de
858 898 966 951 Philon.
992 913 1105 968 pramm.

86 971 169 1022 Alex.
185 969 287 1023 stndiis
304 971 408 1039 etpmoi.
426 970 578 1039 Grpphisw.
595 972 666 1022 1865
680 985 709 1036 p.
726 970 754 1037 8)
774 969 912 1022 contendit
930 969 1030 1022 libram
1048 969 1107 1022 eins

86 1041 151 1105 περὶ
173 1046 223 1107 τῆς
241 1049 296 1092 τῶν
311 1037 454 1110 Ῥωμαίων
474 1038 619 1094 διαλέκτου
639 1039 762 1093 aSnida
780 1042 907 1094 omissum
922 1041 965 1108 (cf.
977 1039 1106 1104 Schmidt,

86 1112 190 1165 Philet.
210 1115 236 1177 4,
254 1113 317 1180 630)
333 1118 395 1166 ante
415 1112 548 1165 Varronis
563 1113 645 1165 libros
659 1111 702 1174 De
717 1111 814 1180 tinpna
828 1111 944 1177 Latina,
963 1111 1108 1180 inquibus

87 1184 199 1236 natium
217 1183 294 1236 illins
312 1184 453 1252 nestipinm
472 1188 554 1248 καλοί,
572 1183 704 1250 scriptnm
722 1198 779 1235 nan
793 1199 855 1248 esse,
870 1183 1032 1250 praesertim
1046 1199 1107 1236 cnm

87 1253 261 1308 Ρλιλοιιοκκο
288 1253 393 1308 Romae
420 1254 541 1308 docuerit
569 1254 718 1322 (Hillscher
738 1270 765 1320 p.
786 1257 838 1306 371
863 1254 965 1308 admi
994 1253 1108 1307 Kleistii

87 1326 253 1378 sententiam
271 1326 456 1393 imperfectam
474 1326 593 1390 referens
610 1325 731 1390 refntare
748 1325 803 1378 sibi
820 1324 939 1390 videtnr,
963 1327 1038 1393 eiqne
1057 1325 1107 1377 ad·

86 1397 207 1450 sentitnr
225 1395 360 1450 sisenem
377 1400 404 1462 2,
422 1399 480 1450 226
499 1398 563 1450 adn.
583 1399 619 1450 21
626 1398 656 1464 ὸ),
681 1398 789 1450 ratione
806 1412 923 1462 prorsas
945 1412 1002 1449 nan
1025 1401 1106 1460 caret,

89 1469 146 1520 nisi
163 1469 238 1536 qnod
255 1470 344 1536 operis
367 1467 538 1522 Varroniani
557 1467 637 1521 XIX
654 1468 737 1520 libros
755 1467 947 1533 desideramus,
966 1484 999 1521 ae
1019 1468 1106 1521 Varro

89 1539 130 1592 ibi
150 1555 253 1592 noram
276 1541 422 1593 Philoxeni
444 1555 539 1592 nocam
562 1538 771 1592 enodandarnm
794 1538 947 1592 doctrinam
970 1541 1107 1608 capnitam

88 1611 217 1664 habuisse
244 1611 352 1664 ridetur
380 1611 424 1679 (cf.
453 1610 650 1675 Reitzenstein,
681 1609 772 1663 Gessit.
797 1610 823 1662 d.
851 1609 898 1663 Gr.
923 1610 970 1663 Et.
986 1627 1016 1678 p.
1032 1612 1107 1678 186),

88 1697 172 1748 qnam
192 1697 225 1734 ιιι
243 1683 388 1735 recentiore
406 1680 525 1750 quodam
543 1683 620 1735 illins
638 1683 739 1749 scripto
748 1683 886 1749 percipere
896 1683 997 1750 potnit.
1029 1682 1106 1750 frap-

90 1759 182 1806 menta
201 1752 280 1818 infra
294 1769 324 1822 p.
345 1756 398 1807 443
405 1769 442 1820 sq.

158 1860 210 1916 40.
239 1856 348 1918 Srn'das¹
370 1877 402 1932 p.
426 1859 492 1917 288
515 1859 553 1916 Β.
587 1857 747 1935 Δίδυμος
780 1856 917 1935 Διδύμου
945 1857 1106 1936 ταριχοτιώ-

88 1951 153 2022 λου,
172 1945 373 2026 γραμματικὸς
389 1939 608 2027 Ἀριστάρχειος,
630 1939 895 2025 Ἀλεξανδρεύς,
913 1943 1040 2026 γεγονὼς
1059 1943 1107 2004 ini

86 2029 250 2095 Ἀντωνίου
272 2032 322 2094 καλ
345 2033 514 2112 Κικέρωνος
536 2033 585 2095 καλ
613 2031 667 2106 ἕως
691 2033 883 2115 Αὐγούστου,
907 2032 1107 2115 Χαλκέντερος

89 2121 214 2202 κληθεὶς
238 2121 287 2183 διὰ
310 2122 365 2200 τὴν
387 2122 454 2204 περὶ
476 2122 511 2183 τδι
534 2123 635 2203 βιβλία
657 2122 815 2201 ἐπιμονήν
839 2122 913 2201 φασὶ
936 2122 992 2204 γὰρ
1016 2122 1107 2184 αὐτὸν

89 2210 327 2293 συγγεγραφέναι
344 2209 418 2295 ὑπὲρ
436 2211 472 2272 τδι
489 2213 630 2292 τρισχίλια
648 2210 698 2273 καλ
720 2213 897 2272 πεντακόσια
920 2212 1029 2292 βιβλία.
1065 2214 1106 2272 id.

85 2321 116 2376 p.
138 2303 203 2362 531
229 2301 395 2379 συνήκμαζε
419 2298 451 2361 δὲ
479 2301 558 2385 αὐτῷ
587 2296 696 2382 [Iubae
723 2297 798 2381 κομί]
826 2301 960 2380 Δίδυμος
988 2299 1003 2362 ὁ
1026 2304 1106 2361 Χαλ-

89 2390 232 2468 κέντερος.
273 2392 428 2462 Didpmnm
443 2393 546 2446 Romae
561 2392 682 2446 dccnisse
700 2399 801 2447 certam
820 2394 1003 2446 testimoninm
1021 2392 1092 2447 deest
1096 2413 1107 2459 ;

91 2473 163 2540 οαοιλ
178 2473 251 2526 enim
264 2472 387 2526 Schmidt
400 2471 443 2540 (de
452 2472 575 2541 Didpmo
591 2473 680 2527 onan.
690 2490 719 2542 p.
730 2475 759 2541 2)
773 2473 805 2525 in
818 2474 917 2542 ptossa,
933 2489 989 2540 qna
1004 2472 1107 2527 Snidas

91 2543 248 2614 Didymnm
266 2545 402 2598 iuniorem
420 2545 627 2613 prammatieam
647 2545 750 2598 Romae
768 2543 889 2597 docuisse
907 2543 1003 2610 tradit,
1022 2545 1107 2611 offen

90 2615 156 2669 dens
180 2615 295 2668 eandem
318 2615 356 2668 ad
374 2615 528 2685 Didymnm
550 2617 680 2669 maiorem
697 2616 792 2680 refert,
811 2615 842 2669 id
860 2616 1042 2670 arbitrariam
1060 2621 1106 2669 est.

90 2703 149 2740 enm
174 2692 267 2740 tamen
287 2685 439 2740 Ciceronem
462 2691 564 2740 constet
580 2687 612 2740 in
631 2686 858 2754 interstrepens
878 2684 1037 2754 Κικέρωνος
1054 2704 1107 2739 τιο-

89 2755 195 2820 λιτείας
219 2773 239 2809 a
262 2756 386 2827 Didymo
411 2758 596 2825 nitaperatnm
620 2773 674 2811 esse
699 2758 797 2824 (Amm.
819 2759 909 2812 Marc.
929 2761 980 2823 22,
1000 2762 1043 2824 16,
1063 2762 1105 2811 16.

89 2829 195 2884 Suedas
208 2845 229 2882 s.
245 2845 268 2882 ο.
287 2827 480 2897 Τράγκολλος),
499 2828 563 2881 inde
581 2829 654 2882 λικιιο
667 2830 761 2882 saltem
775 2831 807 2882 in
820 2830 917 2894 Italia,
931 2830 1107 2883 verisimilius

88 2902 120 2953 in
141 2902 207 2968 ipsa
232 2900 322 2954 Roma
345 2901 430 2966 fnisse
452 2902 623 2968 perspicitrn.
668 2917 734 2952 nam
756 2902 815 2954 sine
841 2917 926 2954 cansa
951 2901 1107 2967 snspicatns

88 2978 127 3026 est
145 2971 237 3036 Oohn,
256 2971 376 3042 Didymi
397 2971 528 3039 scriptam
551 2973 583 3024 in
602 2971 756 3025 Ciceronem
779 2971 817 3024 ad
842 2971 991 3025 Glandinm
1013 2971 1106 3040 Didy-

89 3061 164 3096 mnm
179 3043 541 3166 pertinerinffaniy-Wiss.
564 3042 627 3097 RE
644 3047 669 3107 5,
688 3046 748 3096 471.
769 3044 832 3109 473)
838 3063 848 3108 ,·
866 3043 900 3108 cs.
917 3045 998 3097 etiam
1015 3041 1106 3096 Gade-

89 3131 154 3168 τοοκ
169 3130 200 3182 p.
220 3116 258 3167 52
276 3131 294 3166 a
335 3119 381 3167 .1.

157 3232 209 3287 41.
232 3227 345 3288 Sindos
361 3246 394 3301 p.
416 3231 480 3286 140
498 3228 537 3286 B.
558 3220 669 3286 Ἀντίων
693 3225 708 3286 δ
732 3227 944 3287 Πλειστονίκου
962 3258 1003 3267 -
1023 3224 1106 3286 ἐκαί-

89 3317 175 3378 δευσε
204 3313 237 3376 δὲ
265 3313 313 3375 int
342 3316 479 3396 Τιβερίου
506 3314 658 3394 Καίσαρος
686 3313 736 3375 καλ
764 3316 916 3376 Κλαυδίου
947 3313 979 3375 ἐν
997 3309 1105 3399 Ῥώμη.

88 3399 127 3486 ἦν
145 3403 180 3466 δὲ
199 3404 337 3484 διάδοχος
355 3403 494 3476 Θέωνος
512 3413 564 3465 τοῦ
582 3413 794 3484 γραμματικοῦ.
830 3407 962 3461 Τλοοκινι
983 3406 1105 3460 Aleman-

88 3487 175 3554 dnae,
194 3503 252 3541 non
271 3487 375 3542 Romae
393 3487 514 3542 docuisse
535 3504 568 3542 ex
586 3488 647 3540 istis
664 3486 752 3540 verbis
770 3503 827 3540 non
844 3486 917 3538 καλλι
939 3485 1056 3549 ininria,
1075 3490 1106 3537 nt

87 3577 134 3630 epo
163 3559 267 3625 οικλίο,
294 3558 454 3626 effecerant,-
485 3559 518 3626 cf.
539 3559 675 3613 Sasemiht
697 3561 728 3624 2,
754 3562 807 3611 186
836 3555 901 3610 adn.
924 3558 991 3618 207.
1036 3555 1106 3608 meo
