2460 3900
145 169 188 232 72
326 169 531 226 Grammaticos
552 171 801 228 antevurronianaa
820 171 979 242 fragmenta

597 342 639 402 58
679 344 699 400 3

211 447 281 504 sunt
311 449 363 521 qui
391 446 498 507 honori
527 467 634 507 nomen
663 335 839 527 {eadmundus}
871 450 1106 524 interpretentur
1135 452 1165 508 et

142 533 223 593 Iovis
247 534 386 612 glandem
411 555 473 596 esso
497 537 606 597 dicant.

216 624 295 678 Plin.
310 643 337 678 n.
352 626 377 679 le.
394 631 437 692 15,
453 630 488 680 91
511 645 563 681 suna
577 659 610 667 —
626 641 708 682 noane
738 629 773 695 cf.
795 629 863 683 Gau.
880 629 960 684 Base.
974 630 1011 695 fr.
1023 632 1048 682 5.
1083 629 1164 684 Aelio

144 696 243 751 tribnat
262 696 365 764 Mente,
384 714 422 752 cn
440 704 509 752 reete
527 699 605 754 valde
625 700 727 754 dubito.

595 833 635 892 59
677 835 696 892 4

212 937 295 997 lucus
319 938 391 1014 quia
414 939 519 998 umbra
543 825 783 1018 opacns[pduum
806 940 905 999 lucest
928 941 958 998 et
980 939 1068 1000 ludus
1093 941 1167 1015 quia

145 1028 185 1086 sit
207 1027 380 1105 longissime
404 1047 422 1086 a
441 1027 511 1087 lusu
534 1031 564 1087 et
587 1029 667 1088 Ditis
692 1029 764 1105 quia
787 1029 908 1088 minime
931 1029 1022 1088 dives.

220 1117 314 1187 Quint.
330 1123 354 1179 1,
370 1122 396 1183 6,
411 1121 446 1172 34
467 1119 553 1172 etiam
573 1134 608 1171 ne
624 1137 641 1171 a
656 1119 802 1172 contrariis
822 1118 918 1186 eliqua
936 1119 1059 1172 sinemus
1077 1118 1166 1182 trahi,

143 1190 174 1241 ut
193 1204 256 1243 mous
269 1218 305 1230 -
319 1203 394 1243 ervom
426 1191 515 1244 Paul:
524 1191 599 1244 Fest.
610 1207 640 1258 p.
657 1194 719 1256 122,
735 1195 769 1245 15
792 1189 912 1243 militem
926 1190 1023 1243 Aelius
1039 1190 1086 1260 [fr.
1104 1190 1166 1260 15];

143 1260 183 1314 sic
206 1259 305 1313 ludum
329 1259 461 1327 dicimus,
484 1261 516 1314 in
538 1278 593 1329 quo
616 1261 732 1314 minimo
755 1260 870 1315 luditur.
912 1263 946 1328 ef.
971 1263 1054 1316 etiarn
1074 1262 1166 1316 Varro

143 1333 176 1386 dc
196 1333 212 1386 l.
229 1333 263 1386 L.
283 1336 310 1398 5,
325 1335 362 1385 92
383 1339 408 1386 et
427 1332 521 1402 Quint.
541 1334 579 1387 cd
596 1334 633 1400 fr.
648 1336 692 1387 52.
731 1334 810 1389 Aelio
829 1334 927 1388 tribuit
945 1333 1054 1388 Lerscle.

566 1467 606 1525 60
637 1459 742 1545 [deest]

211 1571 341 1631 Matrem
358 1572 507 1632 Matutam
530 1574 647 1647 antiqui
672 1572 708 1632 ob
731 1572 896 1632 bonitatem
920 1572 1119 1648 appellabunt
1137 1573 1167 1630 et

144 1663 295 1720 maturum
319 1662 459 1720 idoneum
481 1663 550 1721 usui
573 1665 603 1721 et
625 1681 712 1721 mane
735 1663 915 1738 principium
939 1661 999 1720 diei
1021 1664 1052 1720 et
1074 1661 1167 1721 inferi

146 1751 189 1810 dii
221 1769 337 1824 manes,
369 1755 405 1810 ut
437 1751 612 1828 suppliciter
644 1752 789 1827 appellati
819 1751 897 1810 bono
930 1753 1036 1824 essent,
1069 1753 1101 1809 et
1135 1753 1167 1809 in

145 1841 275 1899 carmine
313 1841 417 1900 saliari
460 1833 511 1922 [fr.
531 1843 573 1900 12
607 1834 668 1920 M.]
711 1858 794 1898 cerus
830 1858 935 1899 manus
977 1838 1167 1918 intellegitur

146 1931 262 1988 creator
285 1928 388 1990 bonus.

214 2019 296 2072 Paul.
316 2019 390 2073 Fest.
405 2037 436 2088 p.
457 2023 524 2086 122,
542 2023 559 2072 4
582 2034 678 2073 Matrem
697 2050 730 2058 -
749 2035 828 2074 bonna
862 2020 897 2086 cs.
912 2020 948 2085 fr.
966 2025 989 2074 1.
1024 2019 1115 2074 Varro
1135 2019 1168 2073 dd

142 2091 159 2144 l.
181 2091 215 2144 L.
236 2094 302 2157 6‚e
331 2090 387 2144 diei
415 2089 585 2159 principium
613 2107 707 2152 manc.
736 2091 811 2157 quod
838 2092 899 2143 tum
922 2092 1019 2143 menet
1043 2089 1105 2145 dice
1131 2088 1167 2143 ab

143 2160 259 2227 oriente,
279 2161 334 2214 nisi
352 2161 447 2229 potius
466 2163 541 2229 quod
556 2161 660 2216 bonum
675 2162 785 2229 antiqui
800 2161 932 2216 dicebant
946 2179 1068 2216 manum.
1101 2162 1167 2216 Ver-

141 2233 216 2287 re'nrn
230 2239 255 2287 et
274 2233 422 2288 Varronem
436 2233 527 2288 eodem
540 2241 650 2288 nnetcre
664 2235 743 2288 Aelio
757 2250 821 2288 nsos
833 2250 887 2288 esse
896 2240 981 2302 patet.
1010 2231 1043 2286 de
1054 2233 1166 2289 ‘can'

142 2305 178 2371 cs.
194 2305 350 2371 Buecheler,
374 2303 502 2359 Umbrica
516 2323 546 2374 p.
563 2310 606 2359 99.
640 2305 720 2360 Aelio
739 2305 837 2360 treton
854 2305 1045 2360 Reitzenstein.

588 2440 627 2494 61
653 2431 725 2518 [18]

210 2543 333 2603 meltom
354 2544 509 2604 meliorem
532 2543 677 2604 dicebant.

215 2634 297 2687 Paul.
317 2634 391 2688 Fest.
406 2653 436 2704 p.
453 2638 553 2700 resse
570 2650 662 2688 merrom
681 2665 714 2674 —
733 2649 776 2689 cie.
809 2636 928 2689 carmini
949 2636 1051 2689 saliari
1074 2634 1168 2690 vindi-

143 2705 218 2759 cacit
236 2707 468 2761 Menandrechcr
484 2707 521 2772 fr.
535 2709 581 2760 27.
615 2707 695 2762 Aelio
715 2707 813 2761 tre'bne't
831 2707 1022 2762 Reitzenstein.

215 2785 355 2910 meltom}⁴7
371 2785 517 2840 meliosem
548 2787 701 2841 Thewrenlc
729 2788 787 2843 coll.
813 2787 900 2841 Varro
927 2787 960 2841 de
986 2787 1002 2841 l.
1024 2788 1058 2841 L.
1080 2791 1106 2854 7,
1120 2790 1167 2840 27.

144 2858 178 2924 es.
199 2857 305 2927 Bnppe,
356 2857 417 2912 tecle.
436 2859 550 2913 detrec.
566 2863 619 2913 105
639 2860 734 2928 (1872)
749 2876 779 2927 p.
798 2863 850 2912 101

598 2993 640 3050 62
680 2991 700 3050 5

215 3095 350 3156 Cloatius
370 3091 422 3176 [fr.
436 3092 491 3177 11]
512 3101 542 3156 et
555 2984 714 3157 Aeliudid
724 3096 809 3156 libris
829 3117 981 3157 sacrorum
999 3098 1166 3156 molucrum

147 3203 210 3244 esse
230 3187 317 3244 aiunt
339 3187 454 3264 lignum
478 3186 628 3263 quoddam
652 3185 840 3264 quadratum,
863 3187 914 3245 ubi
937 3187 1119 3246 immolatur.

216 3275 291 3332 Fest.
306 3293 337 3344 p.
357 3282 435 3343 141⁸,
454 3281 491 3331 25
515 3289 614 3331 coneus
628 3309 663 3317 —
676 3291 819 3344 emmonem
842 3275 918 3331 idem
941 3275 1038 3332 Aelius
1062 3277 1110 3348 [fr.
1125 3277 1165 3347 2].

147 3347 179 3400 de
197 3363 226 3401 ee
244 3347 287 3400 ed.
308 3348 367 3402 ole'n
385 3349 462 3416 apud
482 3347 566 3403 oleat.
582 3355 608 3402 et
621 3349 680 3402 Aet.
696 3349 713 3401 7,
728 3365 749 3401 e.

218 3441 232 3488 1
249 3437 277 3488 et
286 3435 383 3489 Aelius
394 3438 551 3505 serepsa'pro
564 3436 725 3502 etiamsed„
740 3438 1038 3506 qeeodcorrnptnmesse
1050 3438 1165 3492 uidene.

146 3506 223 3560 Aelii
231 3514 299 3560 certe
309 3525 407 3562 nonem
415 3509 546 3562 eneidrsse
555 3510 732 3577 cnnrplueclc'
742 3509 845 3562 ‘aiunt’
854 3515 912 3562 tnm
921 3509 1097 3564 cerbis‘s'dem
1102 3509 1164 3564 Ae'
1224 3535 1225 3586 3

146 3579 204 3631 ceri
216 3578 387 3632 simillimum
400 3595 454 3632 esse
468 3580 525 3632 tona
540 3579 658 3634 Ursinus
671 3580 811 3634 intelleee't.
831 3586 942 3648 poterat
951 3581 1059 3649 quidem
1069 3581 1167 3636 Arsin
1224 3589 1225 3664 J
