2534 3908
142 190 185 254 38
325 190 531 244 Grammatieae
551 191 800 243 antevarroniunue
820 189 979 259 fragmenta

143 350 218 403 ‘viri’
239 367 289 419 per
306 349 317 402 i
335 352 504 404 notaremus.
531 352 560 403 et
577 349 702 404 Lucilius
721 350 751 402 in
773 367 859 404 nono:
883 364 928 403 iam
943 381 976 389 -
991 365 1035 403 fiet.
1067 349 1160 418 Quint.

142 427 168 485 1,
184 426 201 475 7
202 463 210 487 ‚
226 426 260 476 15
279 421 385 475 diutius
406 421 517 475 duravit
535 424 568 474 ut
587 439 601 474 e
621 423 650 476 et
663 421 674 474 i
689 420 838 490 iungendis
858 420 958 474 eadem
976 419 1086 474 ratione
1105 437 1161 489 qua

143 491 243 547 Graeci
270 512 295 547 se
319 495 472 547 uterentur.
509 510 542 546 ea
569 493 679 546 casibus
704 493 882 560 numerisque
906 493 1027 546 discrete
1050 493 1106 555 est,
1130 493 1163 544 ut

142 563 265 619 Lucilius
292 564 444 634 praecipit:
473 579 519 618 ium
538 596 571 604 -
591 579 652 618 fiunt.
691 564 771 618 Ultor.
796 581 825 632 p.
847 568 942 629 78,15
975 564 1022 634 [fr.
1039 563 1104 632 100]
1133 565 1163 616 et

141 634 227 703 paulo
249 638 327 704 post:
353 650 434 698 pupilli
452 662 473 698 p.
488 667 523 674 —
537 651 581 690 fiet.
626 637 768 690 Lucilium
792 637 915 704 sequitur
937 634 1073 706 Nipidius
1096 635 1162 704 Fip.

141 708 177 773 fr.
193 711 237 762 10.
274 708 308 774 ef.
332 708 390 764 Ter.
410 707 506 762 Seuur.
530 724 560 776 p.
580 711 625 772 32,
639 712 682 760 21.

213 803 228 849 1
248 796 348 864 puerbi
368 797 460 850 Velius
478 796 558 864 pueri
578 798 683 866 (puero)
704 796 797 866 Quiut.
872 797 900 849 ct
918 811 975 849 uou
993 796 1067 848 uulli
1084 793 1163 848 codd.

145 868 238 938 Quint.
259 868 351 922 Velius
446 867 561 935 rpueri
582 867 685 938 Quiut,
704 883 754 921 om.
776 868 867 921 Velius
952 865 1034 936 fiunt]
1054 864 1165 920 faciant
1253 917 1254 936 ,

148 939 240 994 Velius
313 944 328 992 8
347 939 416 992 lucii
436 939 516 993 eaor.
610 941 639 992 et
657 937 759 992 Lucilli
784 939 875 993 Velius

565 1073 623 1130 10⁶
647 1065 740 1150 [367]

142 1180 159 1238 l.
176 1179 421 1263 IX3mendaci
456 1179 601 1255 furique
635 1177 742 1237 addes
776 1197 805 1253 e,
842 1197 917 1236 cum
950 1177 1033 1235 dare
1066 1177 1168 1234 furei

258 1269 409 1327 iusseris

216 1367 309 1438 Quiut.
330 1373 355 1432 1,
370 1372 395 1433 7,
411 1371 445 1421 15
469 1367 676 1438 [postfr10b]
696 1382 729 1419 ac
749 1365 880 1434 deinceps
899 1365 986 1417 idem:
1010 1378 1114 1418 menum
1129 1396 1166 1403 -

142 1453 237 1492 iusseris.
271 1439 347 1507 quod
366 1438 480 1507 quidem
499 1456 563 1491 cum
582 1453 784 1505 supervacuum
804 1438 854 1503 est,
873 1435 965 1504 quiai
982 1438 1041 1488 tam
1060 1434 1168 1504 longae

143 1525 228 1579 quam
247 1509 339 1564 brevis
353 1511 484 1563 naturam
498 1509 594 1576 habet,
614 1515 675 1562 tum
689 1508 897 1563 incommodum
916 1504 1077 1574 aliquando.
1115 1509 1169 1560 lroc

142 1583 295 1650 scripturae
308 1598 394 1652 perus
408 1581 516 1635 Lucilii
529 1587 617 1634 aetate
631 1597 769 1634 conemuue
784 1586 849 1633 mat.
887 1580 1021 1646 ceteroqui
1034 1579 1169 1632 Lucilius

143 1660 239 1708 coutra
258 1654 371 1707 Accium
390 1669 493 1721 semper
510 1669 537 1706 se
556 1653 696 1706 domestici
712 1653 796 1706 moris
814 1651 966 1706 studiosum
981 1656 1115 1718 praestat.
1253 1651 1254 1664 ²

216 1741 306 1795 lfuri

563 1832 624 1896 rool
648 1833 741 1916 [eor]

142 1948 162 2004 l.
177 1946 236 2004 IX.
262 1941 341 2006 ‘hoc
360 1945 418 2004 illi
444 1948 652 2004 factumest
676 1940 761 2019 uni',
785 1948 891 2002 tenue
915 1944 980 2004 hoo
1003 1944 1117 2003 facies
1137 1944 1167 2001 i:
1253 2015 1254 2022 ἵ

260 2030 361 2095 ‘haec
381 2036 464 2094 illei
487 2028 631 2108 feccrc',
655 2033 763 2092 addes
783 2053 812 2107 e,
835 2037 874 2092 ut
892 2034 1063 2110 pinguius
1083 2033 1166 2091 fiat.

222 2135 275 2188 Vel.
291 2136 355 2189 Lou
374 2179 379 2188 .
391 2152 421 2203 p.
437 2138 483 2199 56,
493 2138 529 2188 10
591 2131 1008 2202 ufr.1or]item:n00—sn.
1040 2133 1168 2200 sequitur

143 2207 179 2272 fr.
195 2210 239 2270 10,
259 2207 334 2260 iude:
355 2153 407 2260 ζου
422 2205 492 2258 mihi
511 2204 538 2257 vi
560 2207 622 2257 etur
641 2219 865 2272 supervacaneae
881 2219 940 2256 esse
960 2202 1167 2258 observationis

144 2294 158 2331 e
185 2293 301 2452 qrsille
320 2365 413 2419 facere
486 2364 547 2436 fiat]
566 2363 637 2418 facit

575 2502 615 2556 11
641 2492 734 2576 [371]

212 2607 229 2662 l.
250 2605 309 2664 IX.
354 2625 388 2664 ae
414 2604 571 2680 syllabam,
599 2606 682 2663 ouius
710 2604 871 2663 secundam
895 2623 1007 2662 nuncc
1030 2604 1167 2661 litteram

148 2695 295 2771 ponimus,
318 2696 400 2752 varie
424 2713 477 2770 per
496 2713 514 2752 a
537 2696 597 2752 eti
620 2692 782 2753 efferebant
805 2725 857 2749 -.
895 2694 990 2750 estin
1012 2692 1068 2750 hac
1091 2711 1167 2766 quo·

148 2803 205 2860 que
221 2787 306 2860 parte
321 2783 421 2842 Lucili
439 2786 640 2859 praeceptum,
659 2782 739 2858 quod
753 2783 825 2858 quia
843 2781 978 2857 pluribus
998 2781 1168 2857 explicatur

144 2873 291 2947 versibus,
329 2873 354 2930 si
387 2872 454 2948 quis
486 2891 593 2948 parum
630 2871 743 2946 credet,
781 2869 860 2947 apud
892 2871 988 2946 ipsum
1021 2871 1053 2927 in
1085 2888 1165 2928 nono

145 2964 286 3038 requirat.

219 3061 312 3131 Quint.
332 3066 362 3127 1,
383 3065 400 3113 7
405 3103 413 3127 ,
433 3065 470 3114 18
489 3085 515 3114 ac
532 3076 641 3124 syllabam
657 3091 690 3099 —
705 3074 837 3124 efferebant,
862 3057 978 3126 quidam
1002 3072 1111 3125 semper
1132 3060 1166 3110 ut

146 3131 255 3196 Graeci,
274 3132 391 3199 quidam
410 3131 592 3202 singulariter
609 3133 728 3194 tantum,
748 3130 858 3184 cumin
879 3128 1005 3183 dativum
1023 3127 1067 3182 vel
1081 3143 1164 3198 gene·

145 3203 234 3256 tivum
254 3219 350 3257 casum
368 3203 542 3267 incidissent,
562 3202 636 3256 unde
657 3201 756 3270 ‘pictai
775 3201 871 3255 vestis’
892 3205 921 3255 et
941 3198 1048 3267 ‘aquai’
1064 3199 1164 3268 Vergi-

146 3274 200 3327 lius
227 3275 437 3328 amantissimus
464 3273 612 3328 vetustatis
639 3273 810 3327 carminibus
840 3271 967 3326 inseruit.
1004 3272 1034 3324 in
1059 3271 1164 3324 eisdem

147 3344 252 3414 plurali
266 3362 381 3399 numero
397 3347 587 3410 ortabantur,
604 3345 645 3397 ‘hi
661 3344 763 3410 Sullae,
779 3343 907 3399 Galbae‘.
935 3361 970 3398 est
982 3357 1050 3397 in-
1061 3356 1165 3404 requiras

566 3482 627 3536 11⁰
652 3472 745 3557 [372]

303 3586 386 3643 huic
402 3586 602 3646 ,Terentiae
627 3583 789 3642 Orbiliae
813 3579 836 3660 †
861 3584 1025 3642 Licinius
