2444 3902
134 176 199 240 148
282 175 488 230 Grammatioae
507 176 611 228 aetatis
630 175 821 229 Varronianae
839 176 1001 245 fragmenta

205 336 272 391 Gall.
288 337 354 390 iaia.
372 340 435 406 7sq.
468 337 537 390 tuno
551 335 661 405 prolato
676 335 749 390 libro
764 335 799 390 de
814 334 947 405 analogia
960 336 1052 404 primo
1067 337 1148 390 verba

130 409 203 461 haee
218 423 251 460 ex
266 423 299 462 eo
313 423 405 476 pauca
422 408 574 462 memoriae
591 408 729 460 mandavi
763 422 829 460 nam
843 433 894 461 oum
908 432 976 469 supra
989 439 1016 447 -
1030 422 1149 470 possimne

133 512 166 520 -
184 479 286 533 Fronto
301 479 343 532 ita
357 479 515 546 respondit:
536 479 690 548 quadrigae
709 495 826 547 semper,
845 478 899 532 etsi
912 478 1083 548 multiiugae
1097 496 1148 550 nop

132 553 205 616 sunt,
229 550 422 604 multitudinis
445 552 541 605 tamen
563 567 679 604 numero
697 552 837 618 tenentur,
860 550 995 619 quoniam
1018 552 1150 618 quattuor
1210 557 1212 578 ¹

133 622 217 676 simul
232 623 298 690 oqui
313 623 403 676 iuneti
422 622 578 693 quadrigae
592 623 673 691 quasi
693 622 880 692 quadriiugae
898 625 1042 686 vocantur,
1061 637 1149 690 neque

134 693 219 749 debet
233 711 346 763 prorsus
366 693 519 763 appellatio
534 709 669 761 equorum
687 692 811 761 plurium
829 692 936 746 includi
955 693 985 746 in
1000 693 1149 762 singularis

134 766 244 820 numeri
263 766 411 820 unitatem.
460 766 634 835 eandemque
653 765 791 819 rationem
809 763 973 846 (harenae)
992 764 1150 818 habendam

134 838 183 892 sed
206 838 236 891 iu
255 836 349 905 speeie
373 835 492 905 dispari3
521 853 587 890 nam
612 854 675 890 oum
698 837 803 890 harena
827 835 963 906 singulari
987 835 1017 888 in
1037 853 1149 890 numera

134 910 213 963 dicta
231 907 443 961 multitudinem
462 910 558 961 tamen
577 910 606 962 et
625 907 734 976 copiam
754 907 893 978 significet
911 907 1101 975 minimarum,
1119 924 1149 961 ex

134 980 236 1049 quibua
247 981 366 1046 constat,
380 978 513 1047 partium,
527 979 642 1033 indocte
651 981 680 1032 et
691 979 792 1032 inseite
806 978 927 1032 harenae
943 978 999 1032 diei
1013 979 1149 1042 videntur,

133 1055 280 1119 tamquam
298 1051 329 1104 id
346 1050 517 1104 vocabulum
538 1051 667 1120 indigeat
690 1051 799 1103 numeri
823 1049 1020 1118 amplitudine,
1045 1067 1109 1104 oum
1126 1051 1149 1102 ei

1204 65 1211 261 l

135 1122 318 1192 singulariter
333 1123 409 1176 dieto
425 1121 495 1192 [diti
509 1122 601 1176 codd:
614 1139 662 1176 eur.
675 1122 806 1193 Madatp]
820 1121 949 1191 ingenita
963 1121 1001 1174 sit
1014 1121 1150 1174 naturalis
1211 1121 1212 1158 i

137 1195 180 1248 sui
208 1193 372 1247 multitudo.
396 1225 430 1234 —
456 1208 522 1247 uam
548 1209 611 1246 eum
637 1191 747 1246 eaelum
774 1209 883 1261 semper
911 1191 1009 1254 ἑνικῶς
1034 1193 1150 1258 dicatur,

135 1281 212 1319 mare
222 1268 251 1319 et
264 1268 341 1319 terra
354 1281 410 1318 non
425 1279 541 1333 semper,
556 1266 585 1316 et
594 1262 686 1333 pulvis
700 1265 799 1317 ventus
814 1265 843 1317 et
856 1263 951 1317 fumus
964 1280 1021 1317 non
1036 1280 1149 1332 semper,
1211 1257 1212 1318 ἶ

136 1354 184 1391 our
207 1337 331 1390 indutias
355 1338 384 1390 et
408 1335 592 1389 caerimonias
618 1335 766 1403 scriptores
791 1336 898 1389 veteres
921 1352 977 1389 non
1000 1351 1149 1404 numquam
1211 1341 1212 1348 ’

136 1406 273 1478 singulari
287 1425 403 1461 numero
418 1405 639 1476 appellaverunt,
656 1406 740 1460 ferias
755 1408 784 1460 et
797 1407 939 1460 nundinas
952 1408 981 1459 et
995 1406 1110 1462 inferias
1124 1409 1149 1460 et

136 1479 282 1547 exsequias
299 1486 472 1547 numquam?
501 1494 550 1531 eur
567 1479 624 1532 mal
642 1480 671 1531 et
689 1478 785 1531 vinum
804 1479 889 1546 atquo
908 1477 937 1531 id
952 1494 1042 1548 genus
1061 1480 1149 1532 cetera

135 1568 282 1604 numerum
296 1549 487 1604 multitudinis
502 1550 626 1620 capiunt,
643 1549 717 1603 laete
730 1566 787 1603 nou
801 1549 914 1618 capiat?
943 1548 1150 1605 Frontonianae

136 1623 334 1691 disputationis
355 1622 566 1688 fundamentum
588 1622 705 1688 fatuare
725 1622 802 1690 apud
822 1620 964 1676 Gaesarem
986 1623 1078 1690 speum
1096 1627 1151 1674 erat

140 1695 185 1762 (et'.
206 1693 401 1758 Kratasehmer,
426 1691 459 1747 de
484 1692 551 1747 Gall.
574 1694 644 1759 sont.
663 1709 693 1760 p.
709 1695 764 1761 60),
789 1694 900 1761 quando
921 1692 1027 1748 Gallina
1044 1699 1150 1747 aetem

136 1766 348 1834 appellationem
375 1764 515 1819 ‘numana
537 1763 734 1818 multitudtnta’
759 1780 811 1832 pra
832 1764 943 1832 plurali
964 1771 1089 1833 usurpat.
1121 1764 1150 1816 de

136 1841 226 1903 torum
238 1836 328 1891 ‘laete'
344 1837 387 1890 od.
398 1836 476 1901 infra
489 1834 525 1900 fr.
538 1839 579 1889 14.
594 1836 727 1904 ceteroqui
734 1834 770 1900 es.
787 1837 874 1889 Varro
885 1835 917 1890 de
926 1836 943 1889 l.
954 1837 988 1889 L.
1001 1841 1044 1901 10,
1054 1840 1098 1890 66.
1109 1838 1149 1888 67.

141 1907 221 1962 Char.
239 1925 267 1976 p.
283 1910 380 1973 33,15.
400 1911 445 1972 93,
459 1910 484 1959 4.
504 1910 548 1972 96,
560 1910 584 1960 7.
605 1910 665 1972 103,
679 1909 725 1961 22.
746 1910 834 1972 154,1
853 1913 877 1960 et
891 1908 998 1976 passim
1016 1907 1047 1960 tn
1063 1905 1149 1960 GGK.

138 1979 512 2044 Sen.Aen.2,272.12,164.
529 1977 605 2033 OGL
613 1979 716 2044 11454,
723 1980 768 2032 24.
784 1982 847 2044 321,
854 1983 897 2033 30.
912 1982 975 2044 402,
982 1983 1026 2033 21.
1042 1981 1148 2043 452,35.
1210 2041 1211 2054 ἵ

211 2094 225 2137 1
245 2102 335 2154 neque
354 2087 387 2138 tr.
407 2086 499 2139 Paris.
519 2083 678 2139 triticumve
697 2083 835 2155 Mapliab.
855 2085 953 2156 Rapta.
971 2089 1027 2139 597
1041 2092 1067 2140 et
1085 2088 1150 2138 1646

139 2156 265 2210 triticum
282 2157 340 2211 rell.
414 2161 431 2208 4
457 2153 587 2224 adplures
606 2155 699 2211 Paris.
719 2155 1047 2222 Veratianum
1065 2172 1098 2210 ao
1115 2155 1149 2224 pl.

139 2229 224 2354 ἔχει
238 2226 464 2354 Lae.⁷rln1i¹iust'
480 2226 697 2296 appellationem
714 2227 851 2298 Maplial).
867 2227 965 2298 Rapta.
981 2232 1035 2282 597
1044 2235 1070 2283 et
1084 2231 1150 2282 1646

597 2442 691 2527 414]

207 2575 276 2633 lI.
330 2573 455 2650 legimus
493 2572 573 2649 apud
610 2573 737 2632 maiores
773 2578 890 2633 nostros
926 2574 1039 2650 primas
1077 2572 1151 2649 apud

142 2661 354 2722 RomanosXI
377 2663 494 2722 litteras
517 2663 610 2722 fuisse
632 2665 752 2722 tuntum
774 2662 870 2737 modo,
893 2666 929 2721 ut
951 2662 1026 2722 dicit
1050 2662 1152 2722 (tamar

139 2753 171 2809 in
194 2751 271 2810 libro
295 2751 502 2829 analogiarum
524 2752 635 2826 primo3
662 2754 694 2810 in
717 2752 793 2811 libro
822 2752 1026 2830 analogiarum
1049 2750 1152 2811 Caesar

139 2841 194 2900 hoo
217 2840 292 2900 dieit
314 2839 357 2898 Xl
379 2840 478 2899 inisse.

210 2958 308 3025 Pomp.
336 2965 474 3012 cannen.
496 2976 526 3027 p.
548 2962 644 3023 108,9
675 2972 769 3022 legimus
787 2991 813 2998 -
831 2971 906 3013 rma.
956 2956 1046 3011 Varro
1074 2958 1150 3010 docet

140 3028 188 3098 [fr.
207 3029 247 3100 2].
279 3029 312 3083 de
330 3029 382 3082 hae
400 3029 527 3084 danaen
545 3029 672 3084 doctrina
689 3048 707 3084 a
722 3032 851 3099 Poeupeia
869 3035 978 3084 tantum
996 3031 1101 3084 anana
1117 3033 1150 3082 eat

139 3101 212 3168 quud
242 3101 407 3170 ambigantur.
461 3101 496 3166 es.
535 3102 703 3167 thmunns,
744 3101 777 3155 de
806 3102 886 3156 Vara.
919 3102 981 3156 latr.
1012 3104 1148 3172 mannat-
1208 3099 1209 3106 ’

135 3187 165 3242 p.
187 3175 283 3241 maq.

213 3284 228 3331 3
245 3294 288 3346 pr.
308 3279 338 3331 in
357 3295 407 3333 on.
433 3279 565 3345 Wolfenb.
586 3280 676 3333 Paris.
697 3283 768 3334 1179

591 3447 609 3504 5
635 3441 706 3525 [10]

209 3569 228 3625 l.
252 3568 298 3625 ΙΙ.
344 3569 446 3646 fagos
469 3571 621 3645 populos
644 3571 757 3630 ulmos
