2534 3908
259 191 265 201 ¹
346 199 374 254 O.
395 198 526 252 Octavius
545 197 706 266 Lampadio,
745 198 773 250 L.
794 197 895 251 Accius
1087 197 1129 260 23

107 360 300 430 11111142).
338 359 473 429 ceteroqui
498 360 531 414 de
557 360 643 413 Accio
669 365 746 429 peste
770 359 947 424 Pisaurensi,
979 359 1072 424 ouius,
1099 363 1132 411 ot

105 432 230 497 videtur,
253 433 287 486 L.
303 432 384 485 Accii
402 437 484 499 pater
503 431 614 484 libertas
635 431 736 496 fumat,
755 430 791 495 cf.
808 431 861 484 Oic.
882 431 963 484 Brut.
978 433 1043 483 271.
1078 445 1131 498 pro

107 503 221 557 Cleant.
236 507 298 556 156.

181 578 209 627 3.
238 575 290 629 cic.
319 576 402 628 Brut.
422 576 477 628 107
508 573 541 627 D.
566 572 668 626 Brutus
700 571 737 626 M.
758 571 845 639 filius,
881 574 914 624 ut
941 587 976 626 61(
997 571 1131 625 familiari

105 644 168 698 eius
184 645 221 700 L.
233 645 316 698 Accio
331 646 418 714 poeta
432 662 494 697 sum
508 643 606 697 audire
621 643 721 698 solitus
739 645 803 697 tiae
817 645 933 698 Accium
947 660 1031 712 usque
1049 643 1087 697 od
1105 661 1131 696 a.

105 718 223 771 circite
239 716 347 788 670l84
366 717 406 771 oct
429 716 654 771 diutissimae
671 715 797 782 efficitur.
835 717 869 782 cf.
895 717 976 770 etiam
1002 717 1080 770 Varr.
1100 715 1132 769 dc

105 789 199 857 antiq.
222 788 271 842 titt.
287 788 378 856 praes.

182 865 211 914 4.
232 860 285 915 Cic.
305 859 405 928 (10169.
424 862 501 923 aer
528 857 642 912 doctum
664 857 807 912 hominem
831 874 898 912 sane
922 857 971 929 [D.
987 859 1132 929 Brutum}

105 930 193 984 cuius
212 930 268 984 fuit
282 929 388 986 Accius
406 929 606 998 perfamiliaris
625 930 660 995 cf.
675 936 731 984 test.
748 933 832 984 3,17.

184 1015 211 1064 5.
231 1009 389 1082 (1.6147140
407 1011 534 1077 fabalem
555 1011 656 1065 docuit.
671 1012 705 1077 cf.
719 1010 757 1076 fr.
776 1014 819 1065 20.

184 1096 211 1145 6
232 1091 287 1146 Oic.
302 1091 459 1156 Petinae
472 1089 527 1143 11111
540 1089 613 1144 forte
628 1089 713 1144 Accio
727 1092 788 1143 tum
802 1089 901 1158 plaudi
917 1091 945 1143 et
959 1089 1132 1160 sexagesimo

106 1165 177 1259 post
202 1179 277 1215 anno
302 1161 427 1230 palmam
453 1161 527 1227 dari,
555 1179 611 1214 non
634 1161 721 1214 Bruto
747 1161 892 1230 putabatis
919 1179 980 1216 cum
1005 1163 1071 1215 haec
1095 1162 1132 1214 od

108 1231 237 1288 ε’1116111
253 1234 458 1303 trayoedtama.
471 1233 596 1316 710744
583 1252 595 1286 1
596 1239 681 1287 teram
696 1239 786 1287 cctam
795 1235 961 1301 pertincant,
976 1250 1001 1287 o.
1015 1233 1132 1304 65os104

107 1323 142 1360 ea
162 1308 284 1374 primam
303 1305 568 1372 domesticasse
588 1305 667 1358 Accii
685 1305 806 1358 cruminis
823 1306 895 1372 ltere.

184 1385 467 1450 7701110137
478 1384 539 1438 11
531 1401 555 1437 11
571 1384 745 1454 [Accioc]-
711 1383 831 1438 —Iulio
846 1382 958 1437 Caesari
978 1384 1132 1454 [Strabone]

107 1455 288 1525 amplissimo
304 1471 336 1508 ac
351 1425 586 1509 floreritissimo
560 1473 620 1508 viro
633 1455 663 1508 iu
673 1454 832 1524 conlegium
845 1457 993 1523 poetarum
1008 1455 1132 1508 venienti

108 1543 269 1596 numquam
292 1528 459 1593 adsurrexit,
483 1542 539 1579 non
557 1527 715 1580 maiestatis
735 1527 796 1580 cius
818 1527 964 1594 inmemor,
988 1527 1038 1580 sed
1057 1525 1133 1595 quod

109 1599 141 1651 in
151 1598 364 1667 comparatione
379 1597 570 1652 communium
585 1597 742 1652 studiorum
757 1597 904 1665 aliquanto
919 1615 948 1651 se
962 1597 1134 1666 superiorem

109 1687 174 1724 esse
194 1669 356 1723 confideret.

185 1745 214 1794 8.
234 1742 314 1796 rotet.
334 1741 372 1796 ad
389 1741 457 1795 Her.
476 1745 505 1807 1,
519 1743 556 1794 24
574 1738 676 1794 mimus
696 1740 810 1808 qnidam
829 1740 997 1794 nominatim
1017 1740 1134 1793 Accium

110 1814 228 1881 poetam
261 1811 433 1880 conpellavit
464 1811 493 1864 in
526 1827 636 1865 scaena.
684 1828 747 1865 oum
775 1827 808 1865 eo
836 1811 938 1865 Accius
966 1811 1134 1864 iniuriarum

112 1885 182 1954 agit.
221 1883 270 1936 hic
287 1882 361 1936 nihil
379 1882 459 1937 aliud
478 1882 613 1942 defendit.
632 1883 688 1936 nisi
706 1883 791 1936 licere
808 1883 948 1936 nominari
962 1899 1034 1949 cnm,
1055 1883 1135 1936 cuius

111 1955 229 2009 nomine
253 1954 359 2024 scripta
380 1955 483 2008 dentur
501 1954 618 2024 agenda.
656 1955 694 2008 id.
709 1959 740 2021 2,
757 1959 791 2008 19
808 1955 838 2008 P.
854 1953 963 2008 Mucius
982 1971 1059 2020 oum,
1086 1954 1135 2022 qui

111 2027 141 2080 L.
156 2026 278 2080 Accium
295 2028 410 2094 poetam
429 2026 630 2091 nominaverat,
650 2026 855 2080 condemnavit.
1163 2045 1176 2086 5

186 2097 421 2164 reserandum,
443 2113 475 2150 eo
496 2099 610 2166 Herbtp.
631 2097 790 2153 caenaculo.
810 2097 882 2150 Eum
901 2095 980 2151 Leid.
1001 2095 1134 2149 cenaculo

111 2169 308 2238 (caen-Oorb.)
331 2185 402 2222 meo.
426 2169 467 2222 oet
490 2168 559 2234 eius,
584 2184 616 2222 eo
636 2170 677 2224 eet
700 2187 764 2223 eum
786 2170 858 2223 rell:
884 2186 931 2223 em.
951 2168 1135 2222 Misenates

186 2253 214 2302 9.
236 2248 330 2318 Quint.
347 2252 429 2314 5,13,
443 2252 479 2302 43
501 2249 582 2304 aiunt
600 2248 717 2302 Accium
735 2249 948 2318 interrogatum,
969 2265 1018 2301 cur
1036 2265 1135 2301 causas

111 2337 169 2374 non
189 2321 295 2388 ageret,
316 2337 379 2374 cum
398 2320 474 2388 apud
494 2337 557 2373 eum
576 2319 606 2372 in
619 2320 774 2390 tragoediis
788 2321 870 2373 tanta
884 2319 924 2372 vis
940 2321 1014 2374 esset
1028 2320 1135 2387 optime

109 2391 311 2460 respondendi,
330 2390 404 2444 hanc
419 2390 576 2446 reddidisse
593 2392 742 2458 rationem,
762 2392 837 2459 quod
852 2390 911 2444 illic
927 2406 960 2444 ea
976 2391 1135 2444 dicerentur

111 2481 185 2590 qserfie
205 2461 268 2531 ipsc
285 2461 379 2531 vellet,
398 2463 429 2515 in
447 2462 508 2516 toro
527 2462 632 2515 dicturi
651 2463 803 2516 adversarii
824 2464 917 2516 essent
932 2478 1004 2530 quae
1018 2462 1134 2515 minime

112 2553 129 2588 v
170 2536 209 2588 et.

185 2610 230 2660 10.
253 2605 320 2659 Geli.
336 2607 384 2672 13,
398 2607 418 2658 2
441 2604 542 2671 quibus
566 2604 656 2658 otium
680 2607 708 2658 et
731 2605 857 2658 studium
879 2603 935 2659 fuit
959 2605 1030 2658 vitas
1050 2607 1135 2673 atquc

110 2680 221 2732 aetates
247 2647 393 2730 doctorum
411 2675 557 2730 hominum
576 2692 709 2743 quaerere
729 2694 762 2730 ac
779 2676 932 2730 memoriae
950 2673 1075 2742 tradere,
1101 2677 1135 2730 dc

111 2749 148 2802 n
167 2747 294 2801 Pacuvio
323 2749 352 2801 et
378 2746 407 2800 L.
428 2746 513 2800 Accio
537 2747 652 2818 tragicis
676 2765 730 2817 poe
732 2748 769 2802 tis
732 2747 939 2801 thistoriam
963 2748 1136 2816 scripserunt

110 2817 321 2874 huiuscemodi:
351 2835 416 2872 cum
439 2817 590 2885 Pacuvius,
615 2819 760 2887 inquiunt,
783 2819 916 2888 grandi'
908 2835 966 2872 iam
989 2820 1083 2873 aetate
1107 2820 1136 2872 et

111 2890 212 2945 morbo
246 2889 369 2958 corporis
401 2889 513 2943 diutino
547 2862 675 2944 adlectus
703 2889 854 2972 Tarentum
888 2905 921 2943 ex
950 2890 1019 2943 urbs
1047 2890 1136 2944 Roma
1163 2910 1176 2950 5

113 2960 312 3027 concessisset,
345 2961 446 3014 Accius
474 2963 542 3014 tunc
568 2961 639 3015 haut
666 2978 751 3030 parvo
780 2961 873 3015 iunior
899 2961 1114 3030 proficiscens
1106 2979 1136 3014 1n

112 3034 225 3100 Asiam,
260 3049 323 3086 cum
359 3032 390 3085 in
424 3032 560 3101 oppidum
594 3033 727 3098 venisset,
762 3032 881 3086 devertit
914 3031 951 3084 ad
982 3031 1136 3086 Pacuvium

113 3105 288 3172 comiterque
315 3103 451 3157 invitatus
474 3103 667 3172 plusculisque
691 3103 726 3157 ab
751 3121 784 3158 eo
808 3103 907 3156 diebus
929 3105 1056 3157 retentus
1079 3105 1136 3157 tra-

113 3175 250 3244 goediam
274 3191 366 3240 suam,
391 3175 436 3228 cui
454 3176 557 3228 Atreus
575 3191 677 3228 nomen
697 3177 747 3241 est,
767 3174 939 3228 desideranti
958 3174 1037 3244 legit.
1074 3176 1136 3228 tum

113 3246 270 3300 Pacuvium
293 3245 397 3299 dixisse
421 3246 502 3299 aiunt
521 3262 622 3299 sonora
646 3246 761 3314 quidem
780 3263 852 3309 6116,
877 3263 948 3313 quae
968 3247 1135 3315 scripsisset,
1151 3259 1177 3297 ro

114 3319 143 3371 et
165 3317 301 3387 mandis,
324 3317 375 3372 sed
397 3317 487 3371 videri
505 3320 601 3371 tamen
620 3334 653 3372 ea
671 3318 726 3372 sibi
746 3319 858 3372 duriora
876 3317 994 3386 paulurn
1013 3320 1041 3371 et
1060 3334 1136 3372 acer-

115 3389 202 3444 biora.
246 3388 288 3442 ita
315 3391 371 3457 cst,
399 3389 493 3457 inquit
516 3389 631 3455 Accius,
659 3390 702 3442 uti
726 3390 805 3455 dicis,
833 3404 925 3456 neque
947 3389 978 3442 id
1000 3405 1046 3443 me
1070 3405 1136 3443 sane

115 3461 254 3530 paenitet
288 3459 405 3514 meliora
432 3461 508 3514 enim
535 3460 594 3514 fore
623 3478 717 3530 spero,
746 3477 818 3528 quae
847 3461 978 3529 deinceps
1007 3461 1135 3514 scribam.

115 3549 181 3586 nam
204 3531 281 3600 quod
303 3532 334 3584 in
357 3532 460 3600 pomis,
489 3531 601 3598 itidem,
630 3533 736 3601 inquit,
760 3549 819 3585 esse
844 3532 924 3584 aiunt
947 3534 977 3583 in
1000 3531 1135 3601 ingeniis3

115 3619 189 3672 quac
213 3604 284 3658 durs
307 3603 336 3658 et
360 3605 461 3658 acerba
485 3607 650 3672 nascuntur,
674 3606 739 3673 post
762 3604 833 3656 liunt
851 3603 932 3655 mitia
950 3605 980 3656 et
1002 3602 1135 3668 iucunda,
1150 3611 1176 3650 15
