2480 3904
169 185 235 252 458
335 182 541 237 Grammaticus
560 184 663 239 aciatis
683 185 844 254 Augustam
863 185 1019 256 fragmenta

513 401 550 465 Β.
573 400 848 467 FRAGMENTA

550 558 808 614 EPISTULARUM

577 696 595 751 1
620 687 655 772 [1
675 687 780 772 Hertz]

362 807 497 863 PLURIA
515 807 594 863 NON
611 807 734 863 PLURA
752 809 827 864 chl
844 809 990 864 DEBERE

236 943 269 1000 in
292 959 328 1001 ea
350 943 480 1018 epistula
506 945 637 1002 rationes
665 942 876 1021 grammaticas
899 945 1009 1019 posuit,
1035 961 1088 1019 per
1111 955 1173 1016 quas

170 1031 257 1090 docet
287 1025 424 1110 [Sumtus
449 1026 565 1111 Capito]
597 1032 698 1108 pluria
725 1031 868 1091 Latinum
895 1050 971 1106 esse,
1004 1032 1092 1109 plura
1116 1029 1171 1088 bar-

169 1120 283 1179 barum.
309 1153 350 1161 —
378 1121 478 1196 pluria
502 1122 565 1180 sive
592 1121 680 1197 plura
711 1121 881 1181 absolutum
908 1139 971 1181 esse
995 1125 1026 1180 et
1053 1118 1171 1195 simplex,

168 1229 228 1269 non
251 1240 295 1250 —
318 1211 564 1285 comparativum.

243 1308 311 1363 Geli.
327 1311 354 1375 5,
367 1313 414 1375 21,
428 1314 490 1377 dep.
509 1308 610 1364 doceas
626 1325 677 1362 nos
692 1325 741 1362 eur
754 1307 849 1378 pluria
863 1309 921 1362 sive
936 1308 1099 1378 compluria,
1112 1301 1171 1360 nihil

170 1378 246 1433 enim
261 1377 364 1448 differt,
381 1397 437 1434 non
451 1379 540 1433 latine
555 1381 605 1435 sed
619 1379 738 1434 barbare
753 1379 876 1433 dixerint
890 1379 926 1432 M.
944 1379 1013 1434 Cato
1027 1380 1073 1452 [fr.
1083 1375 1170 1446 24P.],

170 1449 201 1515 Q.
221 1449 355 1505 Claudius
379 1451 427 1531 [fr.
442 1455 479 1506 90
488 1451 543 1522 P.]‚
567 1451 697 1505 Valerius
721 1451 821 1504 Antias
847 1451 894 1523 [fr.
910 1451 1013 1522 65P.]‚
1041 1450 1069 1505 L.
1088 1448 1170 1502 Aelius

169 1521 217 1593 [fr.
231 1522 288 1604 48],
306 1521 337 1575 P.
351 1521 486 1590 N1gidius
505 1523 553 1594 [fr.
568 1524 624 1594 41]‚
643 1522 680 1578 M.
690 1522 780 1576 Varro
800 1523 877 1594 [adm.
890 1530 956 1593 post
969 1525 1007 1590 fr.
1017 1521 1091 1593 264],
1112 1535 1170 1588 quoe

168 1592 371 1662 subscriptores
404 1593 661 1663 approbatoresque
689 1592 773 1648 huius
801 1593 879 1649 verbi
910 1593 1046 1648 habemus
1092 1595 1171 1648 raeter

167 1666 315 1733 poetarum
329 1667 527 1733 oratorumque
541 1667 667 1720 veterum
680 1664 800 1719 multam
815 1666 933 1734 copiam.
943 1698 971 1706 -
982 1666 1041 1719 turn
1053 1665 1064 1719 i
1085 1663 1169 1718 eami-

168 1752 217 1789 cus
231 1738 326 1790 nostor
339 1758 385 1788 -ε
402 1735 515 1804 ‘Sinni'‚
530 1736 624 1805 inquit
640 1736 796 1806 ‘Capitonis
812 1737 969 1792 doctissimi
983 1737 1036 1791 viri
1049 1733 1170 1805 epistulae

169 1809 235 1861 sunt
253 1824 309 1862 nno
327 1807 357 1860 in
376 1806 448 1862 libro
462 1807 570 1862 multae
582 1809 693 1878 positae
708 1808 808 1876 opinor
821 1809 851 1862 in
865 1808 973 1878 templo
986 1808 1073 1862 Pacis.
1091 1807 1169 1877 prims
1220 1825 1221 1846 1

170 1878 293 1947 epistula
311 1878 417 1948 scripta
436 1881 478 1933 est
498 1880 534 1933 ad
551 1879 704 1934 Pacuvium
722 1879 894 1946 Labeonem,
919 1881 965 1934 cui
987 1879 1085 1934 titulus
1101 1892 1169 1947 prae·
1220 1847 1221 1931 i

170 1949 291 2019 scriptus
310 1952 354 2004 cst
366 1949 483 2018 “pluria
497 1968 553 2005 non
567 1950 650 2020 plura
664 1951 721 2005 dici
736 1951 872 2006 debere”.
905 1966 930 2006 in
944 1977 971 2005 οι
984 1966 1078 2014 epistula
1089 1982 1112 1990 -
1123 1964 1169 2002 aar·

170 2036 256 2076 narum
293 2021 330 2076 ad
354 2021 519 2091 Capitonem
542 2022 631 2092 igitur
653 2024 682 2076 te
706 2023 883 2077 dimittimus.
921 2038 955 2076 cx
974 2039 1007 2077 so
1026 2023 1056 2076 id
1073 2035 1168 2090 quoqne

172 2092 256 2146 simul
281 2092 385 2162 disces,
414 2093 437 2145 si
463 2094 546 2147 modo
575 2093 686 2162 assequi
711 2094 831 2164 poteris,
859 2094 934 2163 quod
958 2094 988 2146 in
1012 2109 1045 2147 ea
1062 2089 1168 2162 epistula
1219 2143 1220 2175 1

169 2164 305 2233 Scriptum
320 2167 371 2231 esi,
391 2179 466 2227 pluria
479 2197 507 2205 —
519 2191 572 2231 non,
591 2167 624 2218 ut
636 2164 691 2218 fibi
705 2166 825 2231 Videbit,
844 2166 1041 2228 comparativum’.
1062 2163 1168 2219 siwtiw

171 2236 256 2290 Gellii
277 2237 377 2305 capitis
394 2253 501 2290 summa
520 2254 553 2291 ea
571 2237 670 2292 Simmio
688 2244 798 2306 mempta
816 2243 863 2303 est,
881 2244 914 2292 ut
926 2237 1007 2307 culpo
1021 2235 1166 2296 conceditur,

169 2308 314 2376 Simmiiquc
341 2308 468 2374 beneficio
496 2309 630 2363 traditum
656 2309 791 2363 iudicium
819 2309 852 2363 dc
874 2307 993 2378 Niqidio
1016 2315 1041 2362 ct
1063 2308 1166 2361 Vonone
1218 2375 1219 2382 ἵ

168 2379 310 2445 babemus,
338 2379 410 2448 quod
436 2396 523 2449 supra
548 2380 581 2434 de
606 2386 693 2435 aetate
720 2381 842 2434 diximus
869 2381 972 2450 epreoie
998 2379 1164 2446 coufimnetur.
1218 2395 1219 2414 l

168 2466 198 2504 co
217 2451 321 2504 accedit
343 2451 415 2519 quod
433 2452 575 2506 Pacuvius
592 2451 694 2517 Labeo,
717 2453 763 2504 cui
785 2451 904 2519 epistula
921 2452 1026 2520 scripta
1043 2457 1085 2516 est,
1097 2455 1165 2520 pau

169 2522 289 2576 Antistii
305 2522 363 2588 suit
376 2523 514 2591 Brutique
528 2524 634 2577 amicus
651 2530 677 2577 ct
695 2524 806 2593 loqutus.
826 2521 956 2577 deduius
973 2523 1049 2576 modi
1061 2520 1165 2591 epistulis

169 2593 203 2658 cf.
225 2594 312 2648 Varro
331 2599 356 2647 et
377 2593 442 2647 Tiro
460 2609 556 2663 simma,
580 2593 658 2665 Valp.
678 2594 746 2660 Rus.
766 2593 852 2660 iufra.

237 2834 470 2893 soloecismus
490 2836 544 2893 est
562 2835 677 2909 impar
693 2837 799 2908 atque
817 2833 1075 2893 inconveniens
1089 2851 1161 2892 coni·
1216 2841 1217 2909 l

169 2922 336 2998 positura
358 2925 517 2998 partium
540 2922 726 2982 orationis.

243 3021 311 3076 (tell.
327 3025 353 3088 5,
367 3026 443 3089 20,1
463 3021 642 3075 soloecismus
665 3021 767 3074 Latino
791 3020 926 3075 vocabulo
949 3037 967 3074 a
985 3019 1081 3075 Sinnio
1098 3019 1160 3090 Capi·
1215 3037 1216 3082 t

171 3094 237 3146 tone
252 3092 433 3160 eiusdemque
447 3093 550 3146 aetatis
566 3091 629 3145 aliis
643 3091 803 3161 inparilitas
815 3091 974 3160 appellatus
983 3093 1160 3148 vetustioribus
1215 3089 1216 3153 l

171 3163 278 3218 Latinis
304 3163 444 3235 stribiligo
470 3163 617 3217 dicebatur
642 3179 807 3228 eversura,
833 3162 965 3218 videlicet
990 3167 1020 3218 ct
1044 3165 1160 3234 pravitate

168 3237 313 3290 tortuosae
331 3234 466 3288 orationis
484 3237 630 3303 tamquam
649 3233 796 3304 strobiligo
810 3235 957 3301 quaedam.
990 3236 1066 3304 quod
1080 3235 1160 3290 silium

171 3306 283 3359 Sinnius
312 3305 411 3374 Capito
439 3307 470 3359 in
495 3306 611 3373 litteris,
640 3322 710 3375 quas
736 3305 773 3358 ad
796 3304 926 3360 Clodium
949 3306 1070 3362 Tuscum
1092 3306 1159 3370 dedit

172 3376 249 3429 hisce
262 3375 354 3430 Verbis
369 3376 479 3429 definib:
499 3391 641 3431 soloecismus
655 3394 687 3430 est
700 3377 794 3444 inquit
808 3391 881 3439 impar
893 3409 921 3417 -
934 3393 1049 3433 orationis
1066 3381 1095 3445 cf.
1104 3381 1159 3433 duri

173 3443 253 3510 Opill.
276 3447 314 3511 fr.
328 3451 372 3498 17.
410 3447 442 3500 de
461 3447 556 3501 Clodio
577 3447 664 3502 Tusco
686 3449 765 3514 iufra
783 3453 892 3516 13467.
929 3450 961 3502 im
984 3451 1070 3506 verbis
1085 3451 1160 3505 dirimi

170 3513 352 3568 soloecismum
361 3532 415 3582 pro
429 3519 608 3584 imparilitate
617 3535 635 3572 a
647 3518 734 3573 Gellio
748 3521 879 3587 scriptum
889 3535 943 3574 esse
955 3523 1160 3590 ecmepmioiibu

170 3581 275 3649 collcpit
294 3583 378 3637 Hertz
393 3602 423 3652 p.
438 3589 476 3638 27
495 3588 559 3640 adm.
574 3591 619 3641 28.

1208 3681 1213 3868 l
