2480 3904
214 217 251 270 M.
267 216 382 270 Verrius
402 217 525 271 Flaccus.
563 217 592 272 L.
614 215 767 272 Crassicius
788 217 910 272 Pasicles
1005 217 1071 281 523

542 389 584 444 33

121 488 271 552 ‘miratam
281 494 361 552 mala
370 489 522 568 puellam’.
543 494 591 552 hic
600 493 793 569 participium
803 494 953 569 passivum
964 487 987 570 †
997 495 1070 571 agit,

58 583 126 656 quia
134 603 215 642 more
224 581 404 642 Graecorum
415 587 490 659 aput
498 579 643 661 vster·os†
653 586 755 660 agimt,
763 585 797 641 ut
804 583 927 641 Flaccus
938 581 1069 641 adiuvat.

123 678 304 736 Schot’Bera.
315 683 374 736 buc.
386 686 411 747 6,
422 686 455 736 61
470 695 573 736 mnsam
582 713 609 720 -
619 695 717 735 adiuvas.
741 683 774 735 de
787 698 816 735 re
830 681 864 747 cf.
887 681 955 735 aeis.
965 685 1011 747 15,
1025 686 1068 736 13.

57 752 127 807 Non.
147 755 192 808 tit.
213 754 278 808 VII.
307 755 393 807 Prisc.
414 755 450 806 al.

125 865 138 912 1
159 866 184 914 et
201 865 217 912 2
238 859 372 930 acti<vc>
392 863 461 915 coni.
481 861 630 914 Buecheler
706 866 721 913 2
742 859 861 913 adnotat
879 859 981 930 Hayea

541 1013 583 1068 34

119 1111 237 1195 ‘sparge
251 1118 359 1175 marite
372 1112 482 1176 nuccs'.
506 1119 550 1175 ita
565 1117 644 1176 enim
657 1118 754 1193 primo
764 1118 877 1176 factum
887 1120 940 1191 cst,
950 1117 1069 1192 quando

55 1205 128 1265 Inno
151 1205 218 1264 Iovi
241 1207 343 1264 iuncta
371 1210 429 1280 cst,
458 1209 493 1264 ut
515 1206 675 1279 Homerus,
706 1210 736 1266 ot
758 1206 867 1266 abhinc
890 1206 969 1282 apud
993 1208 1069 1264 anti-

56 1313 126 1370 quos
144 1297 237 1354 moris
255 1296 314 1354 fuit
331 1297 364 1354 in
382 1296 496 1371 nuptiis
515 1314 604 1354 nuces
624 1314 762 1374 spargare
781 1298 904 1372 propter
919 1294 1068 1354 veneficia.

122 1393 209 1448 schol.
230 1395 313 1448 Rern.
335 1395 392 1447 buc.
413 1398 439 1459 8,
459 1398 496 1448 30
513 1419 592 1458 spargo
606 1426 633 1433 —
646 1408 762 1448 veneficia.
790 1395 824 1459 cf.
843 1396 879 1460 fr.
899 1397 943 1449 35.

122 1506 138 1553 2
160 1503 194 1553 ut
213 1499 327 1555 Verrius
351 1499 392 1553 ait
415 1500 516 1571 Hcpen
534 1501 552 1555 t.
572 1517 593 1554 e.
630 1502 749 1568 respectet
766 1503 896 1569 princeps
914 1506 1011 1554 auctor
1028 1501 1050 1552 I
1052 1502 1068 1555 t.

56 1575 94 1638 14,
113 1576 214 1641 34734.
539 1653 582 1710 35

118 1753 272 1832 ‘oleaeque
290 1753 446 1816 Minerva'.
484 1760 554 1816 sunt
577 1761 630 1833 qui
648 1758 753 1816 dicunt
771 1757 897 1816 Athenis
917 1759 1070 1834 prolatum

56 1865 117 1906 esso
132 1847 231 1906 olivas
244 1867 361 1905 ramum
375 1866 393 1905 a
407 1847 554 1920 Minerva3
570 1851 639 1906 sunt
653 1849 706 1923 qui
718 1850 828 1923 putant
842 1848 901 1906 olei
914 1848 1070 1906 humorem

58 1935 207 1995 ifinervae
234 1935 344 1995 idcirco
368 1937 539 2010 convenire,
567 1937 646 2012 quod
669 1937 745 1995 nulli
768 1939 864 2012 possit
886 1937 1004 1995 misceri
1026 1936 1069 1994 in-

56 2029 213 2100 corruptus
237 2028 267 2083 ct
293 2025 419 2101 integer,
449 2025 659 2100 comparabilis
687 2025 798 2102 virgini
826 2027 906 2099 deae,
935 2045 1011 2100 quae
1034 2045 1069 2083 ex

55 2133 113 2173 uno
131 2118 254 2190 parente
273 2115 431 2192 progenita
448 2118 501 2188 est,
520 2133 610 2191 quam
628 2117 809 2191 sapientiam
825 2114 1069 2190 interpretantur,
1084 2136 1096 2174 s

56 2206 197 2262 virtutem
219 2203 433 2280 inviolabilem,
456 2206 491 2260 ut
513 2203 670 2263 Homerus.

124 2302 211 2357 Settol.
227 2303 311 2357 Bere.
325 2319 413 2373 peorp.
428 2306 454 2369 1,
469 2306 505 2355 18
519 2317 625 2364 oleaeque
635 2334 661 2341 —
670 2317 786 2357 Homerus
810 2302 956 2372 atleqorias
969 2302 1069 2357 Home·

51 2375 125 2428 ricus
142 2375 261 2442 respexit
277 2380 381 2428 auctor.

124 2486 139 2534 6
157 2482 190 2533 ut
209 2480 251 2533 ait
269 2480 383 2534 Verrius
404 2484 501 2552 Hapsos
520 2483 537 2535 l.
557 2497 578 2536 c.

123 2606 195 2674 qaod
220 2605 339 2660 Rstbect·
367 2607 480 2675 (proteo.
503 2604 542 2659 ad
565 2605 642 2675 Vero.
666 2609 827 2674 1117484.)
854 2605 967 2659 coniecit
993 2605 1070 2673 apud

58 2677 174 2747 Verytlti
191 2679 348 2745 interpretes
366 2677 415 2730 sub
434 2678 543 2731 nomine
558 2677 643 2730 Ebria*
659 2679 701 2732 cet
719 2678 817 2731 Hebrte'
836 2677 959 2730 Veretum
979 2677 1070 2742 tatere,

51 2749 264 2874 {semiobolum
282 2755 321 2886 J?
338 2750 384 2874 Σοί.
404 2749 506 2818 Hapec
525 2749 541 2801 l.
561 2765 582 2801 c.
602 2765 632 2816 p.
654 2751 725 2817 732).
750 2749 783 2802 de
801 2749 905 2802 Arnon
926 2752 951 2813 5,
971 2753 1008 2802 18
1025 2749 1068 2802 od.

237 3117 281 3200 n.
315 3083 613 3200 canssioios
646 3113 890 3201 eusicius

393 3302 432 3367 A.
456 3300 726 3366 TESTIMONIA

50 3389 162 3443 VITAE

123 3485 147 3533 1.
167 3479 239 3534 Suet.
260 3479 291 3532 de
309 3478 521 3548 9111111111181.
543 3476 695 3531 Crassicius
707 3493 816 3601 {enm
835 3476 1003 3531 Tarentinus
1026 3495 1070 3531 or·

50 3549 126 3604 dinis
145 3549 271 3604 libertini
291 3549 456 3620 cognomine
477 3547 600 3602 Pasicles
621 3565 686 3602 mox
730 3565 827 3601 ansam
849 3567 877 3602 sc
902 3550 1070 3603 transnomi-

49 3622 137 3676 navit.
167 3622 199 3675 de
213 3624 370 3691 coquonzine
384 3622 481 3675 Pansa
496 3622 529 3687 cf.
540 3622 616 3674 Ptin.
631 3637 658 3672 11.
673 3621 697 3673 h.
709 3625 752 3685 11,
761 3624 817 3674 254
831 3621 935 3689 (Varro
949 3622 1068 3687 11360).
