2480 3904
172 198 238 260 524
343 197 550 251 Grammaticus
569 197 671 250 aetatis
690 196 852 267 Augusteae
870 195 1029 265 fragmenta
1220 159 1221 252 t

241 361 268 410 2.
292 363 368 411 aetas
391 357 523 412 Crassicii
549 358 613 412 iude
640 359 696 424 fere
722 357 852 410 coorstitm'
871 363 972 424 potest,
1000 355 1068 424 quod
1087 356 1167 408 lulum

171 429 325 482 Antonium
339 430 479 483 triumuiri
491 431 581 497 filium
599 431 707 497 (uatum
721 445 746 480 a.
759 427 875 495 710144)
893 429 986 481 docem
1004 427 1055 494 (od.
1069 427 1106 480 De
1120 425 1167 477 lud.
1220 419 1221 452 l

171 502 222 554 litt.
242 506 298 554 test.
319 503 373 569 51),
392 518 453 554 mem
471 503 529 554 iam
548 502 685 571 Zotyruae
703 499 925 554 commentorium
944 499 1080 563 edidisset,
1098 503 1126 550 ut
1142 513 1167 548 rs

171 571 300 626 Suetonio
323 579 445 639 apparet.
472 573 562 626 Verrii
583 573 669 642 ἐρίων
693 571 817 625 amotus
835 570 918 638 (Suet.
938 570 1016 638 ibid.)
1037 569 1168 624 Orouion
1220 599 1221 642 ¹

171 645 313 711 aliquanto
332 645 422 698 maior
439 650 509 697 outo
528 645 592 710 fuit.
1220 675 1221 728 ¹

242 719 266 768 3.
287 714 359 768 Suet.
383 715 416 768 de
438 732 551 784 protom.
567 719 603 767 18
628 713 675 766 hic
699 713 781 767 initio
808 712 882 766 circa
908 728 1039 765 scaenam
1063 713 1169 764 venetus
1220 751 1221 776 ¹

171 789 227 851 est,
254 786 320 837 dum
345 786 556 854 mimographos
575 785 699 838 adiuvat.
736 787 771 852 cf.
791 785 941 849 Htttsetnr,
965 782 1168 837 succutiunt.
1220 811 1221 834 ¹

170 859 260 925 sttppl.
275 861 313 910 18
332 859 426 925 (1892)
441 875 471 925 p.
487 861 550 912 382.

243 934 267 982 4.
287 928 360 983 Suet.
384 929 450 983 olid.
476 928 592 981 dimissa
615 929 731 995 repente
756 925 852 979 schola
878 926 935 996 [De
957 926 1014 980 lud.
1039 927 1087 980 litt.
1104 923 1172 992 dud]
1220 977 1221 980 ,

171 999 286 1052 transiit
311 1000 347 1052 ad
375 997 406 1062 Q.
427 999 505 1054 Sexti
530 997 691 1068 philosophi
717 1000 831 1051 sectam.
869 997 902 1050 de
921 998 1022 1051 Scottis
1040 998 1073 1062 os.
1091 997 1175 1058 Zello,
1220 991 1221 1024 l

172 1071 245 1124 Puto.
265 1073 290 1124 d.
314 1071 419 1126 Grieclr.
440 1070 480 1137 3³,
499 1076 513 1123 1
529 1088 559 1138 p.
576 1074 638 1123 675.
1220 1065 1221 1128 l

173 1184 406 1239 SCRIPTORUM

245 1279 269 1328 5.
289 1275 362 1329 Suet.
382 1276 447 1329 toto.
469 1275 713 1328 commentario
733 1275 895 1341 Zmyrnae
914 1274 991 1328 edito
1015 1274 1083 1326 adeo
1099 1270 1174 1324 inula
1220 1267 1221 1360 ¹

172 1346 236 1413 ruit,
256 1349 289 1399 ut
307 1345 377 1400 haec
395 1347 430 1399 de
450 1362 482 1400 eo
501 1346 689 1399 scriberentur
703 1345 807 1415 [FPR
816 1363 846 1413 p.
862 1350 917 1399 348
929 1346 991 1416 Β.];
1013 1343 1071 1397 ‘uni
1084 1340 1177 1396 Crassi·
1220 1363 1221 1444 ¹

174 1418 218 1470 cio
233 1433 262 1470 se
277 1418 388 1471 credere
404 1418 524 1485 Zmyrna
538 1417 676 1486 probavit,
689 1424 700 1488 f
714 1415 835 1469 desinite
851 1415 959 1469 indocti
974 1416 1101 1486 coniugio
1113 1414 1175 1465 hanc
1220 1445 1221 1450 =

173 1491 275 1556 petere.
292 1491 306 1558 J
324 1489 376 1542 soli
395 1488 531 1543 Crassicio
551 1506 580 1542 se
600 1489 672 1541 dixit
689 1488 794 1541 nubere
813 1487 898 1552 velle,
914 1490 927 1558 s
945 1487 1046 1540 intima
1068 1485 1111 1538 oui
1132 1481 1175 1536 soli

173 1563 241 1613 nota
260 1577 311 1613 sua
329 1561 494 1614 extiterint’.
532 1561 656 1630 Philorp.
672 1561 730 1614 buc.
750 1565 776 1625 9,
791 1562 827 1612 35
846 1561 889 1627 (cx
907 1561 1007 1614 scholio
1026 1558 1080 1612 cod.
1100 1557 1176 1610 Laut.
1220 1599 1221 1624 ¹

174 1634 208 1685 ab
234 1633 332 1686 Ursino
351 1633 432 1699 edito)
456 1630 545 1684 Cinna
569 1631 718 1700 Zmyrnam
741 1630 868 1698 scripsit,
892 1647 978 1696 quam
1001 1646 1101 1683 nonum
1123 1627 1177 1695 post
1220 1629 1221 1640 ¹

174 1719 287 1769 annum,
306 1705 339 1755 ut
358 1701 485 1756 Catullus
505 1703 546 1755 ait
565 1703 673 1772 [95,1],
693 1701 790 1755 edidit.
811 1733 845 1742 -
864 1701 920 1754 fuit
939 1703 1034 1754 autem
1051 1700 1120 1753 liber
1137 1697 1176 1749 ob·

174 1791 270 1827 scurus
295 1774 378 1839 adeo,
402 1776 434 1826 ut
458 1777 486 1827 et
504 1792 560 1827 non
583 1772 657 1826 nulli
676 1773 735 1826 eius
755 1774 857 1826 aetatis
877 1772 1054 1842 grammatici
1071 1771 1098 1824 in
1123 1784 1177 1822 eom
1220 1764 1221 1778 ¹

175 1845 338 1913 scripserint
347 1861 535 1914 magnamque
547 1861 580 1898 ex
590 1845 649 1898 eius
660 1845 836 1898 enarratione
847 1845 904 1898 sint
913 1844 1033 1914 gloriam
1040 1839 1175 1897 consecuti.

495 1999 531 2062 B.
562 1995 872 2062 FRAGMENTUM

243 2125 288 2180 est
306 2139 359 2197 per
377 2123 512 2194 tempora
530 2123 561 2178 in
581 2120 778 2178 declinatione
798 2120 939 2193 defectus,
963 2139 1030 2178 oum
1048 2122 1080 2177 ut
1098 2113 1177 2192 signi·
1220 2159 1221 2164 1

175 2210 343 2271 ficationem
375 2210 518 2284 temporis
552 2211 734 2284 expleamus,
772 2209 908 2281 verbum,
942 2212 979 2266 ut
1011 2210 1054 2267 ait
1083 2206 1174 2272 Panse,

177 2300 300 2358 alterius
324 2300 439 2376 generis
463 2298 667 2373 subrogamus
691 2300 725 2356 ut
743 2301 788 2357 est
812 2299 910 2356 adfert
928 2301 958 2356 et
981 2298 1057 2355 ferit.
1093 2297 1123 2353 in
1137 2293 1175 2349 his
1220 2335 1221 2360 ¹

178 2391 257 2446 enim
290 2389 428 2447 dissimili
464 2405 536 2446 voce
573 2386 821 2463 significationem
857 2388 1016 2463 praeteriti
1050 2380 1175 2460 temporis

151 2477 407 2552 odeolarabimus3
438 2477 563 2535 dicimus
592 2478 671 2534 enim
700 2477 797 2534 adfert
824 2476 942 2550 attulit,
971 2476 1045 2534 item
1067 2474 1175 2532 dicimus
1220 2473 1221 2524 ἶ

177 2569 249 2626 ferit
271 2567 416 2644 percussit
438 2566 601 2640 praeterito
627 2567 766 2640 perfecto.
1220 2569 1221 2574 ’

252 2658 372 2712 content.
393 2672 440 2710 ars
454 2673 484 2723 p.
504 2659 569 2721 378,
588 2658 625 2708 22
644 2655 713 2708 item
731 2672 764 2708 est
776 2680 815 2716 per
829 2672 930 2716 tempora
943 2687 969 2693 -
983 2669 1086 2716 pertento.

251 2760 263 2806 1
284 2755 318 2806 ut
331 2771 380 2809 om.
393 2754 471 2807 Leid.
545 2759 560 2806 2
580 2752 618 2806 ud
627 2752 719 2805 Pansa
733 2752 820 2806 adeor.
831 2753 862 2804 io
876 2769 962 2822 murp.
973 2752 1102 2822 ungimus
1111 2743 1175 2801 Lod·

179 2830 194 2878 3
215 2825 263 2878 alt.
274 2840 340 2878 voce
351 2840 412 2893 gen.
425 2826 509 2878 Rern.
521 2824 598 2878 leid.
672 2829 687 2875 5
704 2823 773 2876 decl.
784 2823 886 2878 Putsclt
896 2823 1098 2876 declaravimus
1107 2821 1173 2874 Bero·
1220 2843 1221 2886 ¹

179 2897 258 2951 Leto.
279 2896 451 2950 declinamus
471 2897 584 2949 Monac.

341 3109 653 3197 scnissouuts
681 3075 1036 3197 leunooisrus

536 3277 841 3343 unstruouiuu

246 3405 322 3461 Suet.
338 3407 372 3462 de
384 3425 507 3478 protom.
525 3411 565 3464 19
586 3407 755 3466 Scribonius
770 3409 968 3482 Aphrodisius
983 3407 1081 3467 Orbili
1095 3416 1174 3467 servus

182 3491 270 3560 atque
294 3490 455 3564 discipulus
478 3512 546 3549 mox
570 3513 587 3550 a
608 3494 761 3553 Scribonia
780 3496 902 3554 Libonis
923 3496 996 3570 filia,
1020 3517 1097 3572 quae
1112 3493 1176 3570 prior
1220 3509 1221 3570 J

181 3571 309 3646 Augusti
343 3595 415 3633 uxor
445 3579 544 3636 fuerat
581 3575 750 3657 [repudiata
777 3585 814 3642 ob
838 3583 971 3657 Aupusto
999 3603 1026 3644 a.
1049 3569 1176 3664 715s39t
