2504 3904
252 181 279 235 0.
299 181 386 234 Iulius
404 183 541 252 Hyginus.
576 181 603 236 C.
623 181 770 234 Maecenas
789 179 918 233 Melissus
1031 179 1095 246 537

154 344 222 398 Getl.
243 347 488 410 6‚20,1ur1ptum
502 376 528 383 -
541 357 595 406 rugo
635 358 669 395 ea
693 358 737 395 res
763 357 864 395 verane
890 357 927 394 au
954 339 1028 394 falsa
1054 341 1100 406 sit,

77 433 134 470 non
160 414 270 480 laboro;
301 415 369 482 quin
392 417 487 469 tamen
511 413 611 468 melius
635 413 803 481 suaviusque
827 413 864 465 ad
888 428 967 465 aures
992 412 1029 467 sit
1052 428 1101 466 ora

78 502 166 554 quam
184 485 266 552 Nola,
286 486 403 539 dubium
422 486 452 539 id
470 503 526 540 non
545 488 595 540 est.
633 500 699 538 nam
722 484 827 538 vocalis
850 483 995 552 inpriore
1018 499 1100 538 versu

78 560 207 611 extrema
231 557 384 625 eademque
407 558 437 611 in
461 557 589 626 sequenti
612 556 704 625 prima
727 572 828 610 canoro
848 555 931 608 simul
951 556 1035 624 atque
1058 555 1100 609 iu·

79 629 174 684 eundo
192 628 274 682 hiatu
292 628 406 683 tractim
425 630 514 683 sonat.
543 631 576 696 cf.
594 628 665 682 Sero.
681 629 759 682 Dara.
778 644 803 697 p.
818 630 845 693 2,
859 630 922 682 224.
942 625 1014 682 Sera.
1030 627 1099 681 Aea.

77 705 103 767 7,
125 705 188 756 740.
216 703 270 755 ista
296 702 511 755 narratiuncula
535 701 616 769 culpo
635 699 751 770 Hypioo
769 699 902 753 tribuitur
920 699 964 765 (of.
982 698 1101 753 Ribbeck

72 790 103 841 p.
124 775 184 841 23),
198 772 288 827 Probo
307 778 402 826 coatra
420 790 439 826 a
452 772 620 838 Nettlesbtpo
635 770 774 839 (Lectares
792 769 851 824 aad
870 786 967 840 araus.
995 769 1101 836 chord

78 847 157 898 1885
172 860 201 912 p.
212 846 286 912 274).
319 858 366 914 epo
381 843 576 897 demutatione
590 843 663 896 cocis
676 841 766 895 Nolae
781 858 799 894 a
817 841 935 912 Verpib'o
953 842 1030 908 facta
1044 858 1102 896 ooo

78 916 188 980 dubito,
204 913 252 968 sed
269 931 355 969 causa
373 914 535 968 scrutationis
548 920 605 968 tam
618 913 711 978 futilis
724 929 758 968 ac
770 913 891 967 macciano
905 914 964 967 ciro
983 913 1102 983 indique

77 993 125 1052 est,
146 992 179 1039 at
195 1003 255 1039 eam
273 992 360 1040 aetate
377 986 522 1054 posteriore
539 987 580 1039 oet
599 985 632 1038 ab
652 985 825 1040 obtrectatore
844 984 963 1052 quodam
988 985 1102 1054 Veryite‘a'

78 1058 176 1123 fictam
195 1073 248 1111 esse
266 1056 383 1122 credam,
401 1057 474 1126 quod
488 1073 517 1110 eo
535 1057 649 1122 facilius
666 1056 728 1122 fieri
741 1058 834 1124 potuit
848 1072 907 1109 cum
922 1057 1007 1121 Nola,
1026 1056 1102 1123 opaea
1196 1084 1199 1090 ·

77 1145 164 1196 picam
191 1129 326 1198 Verpils'us
355 1135 494 1197 acceptum
523 1143 653 1182 secessum
683 1128 799 1182 babebat
828 1126 911 1196 (Suet.
937 1127 995 1181 cita
1024 1129 1100 1196 Verp.

74 1217 106 1269 p.
128 1204 165 1254 57
184 1200 244 1268 a),
263 1216 399 1269 nusquam
417 1202 449 1253 ia
466 1201 598 1270 peorye'cis
616 1205 666 1253 aut
685 1200 754 1253 alebi
772 1201 909 1269 teperetur.

519 1304 664 1360 FALSUM

571 1414 615 1470 23

152 1510 262 1586 Hyllus
281 1510 357 1569 libro
378 1530 464 1586 quem
484 1511 520 1569 de
539 1510 584 1568 dis
603 1511 770 1584 composuit
789 1511 833 1566 eit
845 1508 982 1567 Vitulam
1000 1510 1102 1567 vocari

80 1601 179 1674 deam,
204 1619 279 1674 quae
303 1601 437 1657 laetitiae
461 1603 585 1674 praeest.

158 1699 283 1753 Maerob.
304 1702 330 1765 3,
343 1702 371 1765 2,
386 1702 421 1752 13
445 1712 528 1761 nyma
545 1730 572 1737 -
590 1715 682 1760 praesse
721 1696 847 1766 ‘Hyllus’
868 1712 965 1750 uomere
983 1703 1022 1751 est
1035 1713 1101 1766 pro·

80 1772 147 1837 bam
165 1776 190 1823 et
207 1771 356 1834 usitatum
375 1768 407 1822 obe
426 1770 565 1837 supposito
580 1768 695 1839 Hypiuo
714 1769 748 1834 cf.
768 1772 884 1822 test.12.
917 1769 950 1821 obe
966 1785 994 1822 re
1014 1769 1102 1824 Varro

78 1843 117 1907 fr.
135 1844 196 1895 135.
225 1841 292 1895 Pico
310 1842 346 1908 fr.
367 1844 393 1894 6.

157 1953 170 1999 1
191 1947 274 2016 hylus
291 1948 384 2002 Pares.

277 2154 319 2239 O.
353 2152 629 2240 ulucuNAS
662 2151 916 2239 MELISSUS

428 2340 467 2406 n.
490 2339 760 2406 unsrmoum

83 2428 196 2482 VITAE

158 2523 181 2572 1.
202 2517 243 2571 ‘u
256 2517 396 2572 Mezasas’
408 2517 480 2572 Suet.
491 2519 618 2572 Pe-Acro
636 2519 694 2586 (qai
707 2519 779 2585 falso
791 2517 930 2586 Ἥκω,
945 2517 1104 2572 ‘Maecenas

85 2589 228 2644 Mels'esas'
249 2590 334 2654 Pota,
353 2591 487 2657 ceteroqui
505 2589 669 2643 ‘Melissus'.

156 2664 182 2714 2.
202 2661 275 2716 Suet.
295 2661 327 2714 de
345 2677 458 2730 prorum.
473 2664 508 2714 21
529 2659 556 2714 0.
576 2659 706 2714 Melissus
726 2658 834 2729 Spoleti
852 2661 936 2712 natus
954 2658 1103 2742 ingenuus,

86 2732 136 2786 sed
155 2731 190 2785 ob
210 2731 380 2785 discordiam
398 2733 549 2799 parentum
568 2732 724 2800 expositus,
749 2747 815 2785 cura
834 2732 862 2783 et
880 2730 1020 2784 industria
1039 2731 1105 2784 edu·

85 2803 188 2857 catoris
212 2802 256 2855 sui
279 2801 382 2855 altiora
407 2801 502 2855 studia
520 2802 648 2871 percepit
666 2819 700 2856 ac
718 2801 876 2855 Maecenati
895 2818 945 2870 pro
964 2818 1105 2871 gramma-

84 2874 142 2928 tico
168 2873 277 2927 muneri
303 2874 386 2927 datus
413 2875 463 2927 est.
501 2873 546 2927 cui
573 2891 636 2926 eum
663 2889 692 2926 se
716 2875 826 2942 gratum
851 2874 880 2926 et
904 2875 1052 2941 acceptum
1075 2874 1104 2927 in

84 2945 199 2998 modum
223 2944 306 2998 amici
331 2945 452 3011 videret,
477 2959 647 3013 quamquam
672 2946 812 2998 asserente
831 2946 929 3008 matre,
948 2945 1104 3012 permansit

84 3017 180 3070 tamon
208 3016 238 3070 in
266 3017 342 3070 statu
371 3015 512 3070 servitutis
540 3017 773 3084 praesentemque
802 3016 994 3070 condicionem
1021 3031 1104 3071 verae

85 3087 189 3158 origini
216 3088 391 3158 anteposuit3
416 3102 502 3155 quare
527 3087 582 3142 cito
605 3086 792 3140 manumissus
811 3088 938 3156 Augusto
957 3087 1045 3140 etiam
1063 3087 1105 3141 in-

87 3160 214 3213 sinuatus
234 3161 284 3212 est.

158 3234 182 3284 3.
202 3232 317 3286 Hieron.
342 3232 380 3285 ad
402 3249 428 3285 a.
449 3231 515 3285 Abr.
534 3234 609 3285 2013
623 3255 657 3274 =
674 3230 755 3300 bools
787 3227 916 3283 Melissus
945 3229 1106 3298 Spoletinus

85 3302 286 3372 grammaticus
306 3302 474 3370 agnoscitur.
509 3304 601 3370 itaque
618 3302 675 3368 fait
693 3302 809 3372 Hypiuo
832 3307 919 3355 aetate
936 3317 1042 3369 suppar
1061 3302 1108 3371 (cf.·

85 3374 130 3428 De
149 3374 268 3429 tutiora.
289 3380 345 3428 test.
365 3375 421 3438 15).

157 3451 182 3498 4,
203 3445 277 3499 Pbiu.
297 3462 325 3498 re.
344 3445 369 3498 b.
389 3449 436 3510 28,
456 3449 493 3498 62
510 3443 633 3497 triennio
652 3443 844 3497 Maecenatem
862 3442 1007 3496 Melissum
1026 3457 1105 3496 acoe-

84 3516 178 3584 pimus
193 3515 337 3570 silentium
351 3514 406 3569 sibi
419 3515 601 3584 imperavisse
616 3532 633 3567 a
647 3515 824 3569 convolsione
838 3514 949 3568 reddito
960 3514 1105 3584 sanguine.

86 3590 122 3654 ef·
144 3589 271 3653 Mance,
292 3586 442 3657 Quebteula·¹
463 3588 488 3641 ol.
509 3587 563 3658 Np.
584 3587 610 3640 ob.
630 3587 705 3641 Ptin.
723 3601 751 3654 p.
772 3590 835 3640 367.
