2460 3900
457 196 571 250 Porciuc
592 197 705 250 Licinus
1047 195 1088 260 81

116 365 199 424 dum
219 365 263 424 ad
281 365 421 424 Philum
441 384 476 424 se
494 367 655 425 cenitare
674 369 708 424 ei
724 365 886 424 Laelium
904 365 1091 442 pulchrum

757 456 876 530 purat,

116 545 200 604 dum
223 563 259 604 se
278 543 319 602 ab
343 544 398 602 his
422 543 534 602 amari
556 544 685 618 erodii,
709 543 834 603 crebro
856 543 894 602 in
912 544 1091 604 Albanum

759 651 840 708 rapi

117 754 358 782 -υ-υ-υ-υ
380 722 422 782 ob
445 723 574 780 florem
598 724 731 781 aetatis
755 740 852 796 suae,
1119 741 1131 782 e

117 815 203 888 posi
225 811 384 871 sublatis
407 811 512 870 rebus
534 810 577 870 ad
600 829 767 870 summam
789 812 950 888 inopiam
972 811 1090 870 redac-

760 901 817 959 tus
842 903 903 959 esi.

116 993 246 1066 itaque
274 1010 313 1050 er
341 992 536 1066 conspectu
563 991 718 1048 omnium
745 989 838 1048 abiit
861 989 1032 1049 Graeciae
1055 990 1092 1048 in

761 1082 894 1137 terram
918 1079 1091 1137 ultimam.

117 1170 303 1228 mortuusi
322 1167 540 1244 Stymphali,
563 1167 741 1227 Arcadiae
760 1163 844 1246 (in)
862 1167 1002 1244 oppido.
1039 1167 1092 1226 nil

761 1253 932 1334 P<ublic>

118 1347 246 1422 Scipio
269 1347 422 1423 profuit,
445 1347 539 1404 nihil
562 1347 623 1405 illi
646 1346 806 1421 Laelius,
829 1346 881 1404 nil
903 1347 1047 1419 FuriuS,

117 1439 194 1496 ires
227 1455 290 1513 per
326 1435 418 1495 idem
455 1439 595 1512 tempus
628 1438 689 1512 qui
724 1435 916 1513 agitabant
952 1433 1092 1494 nobiles
1108 1454 1134 1494 1o

762 1525 956 1584 facillime:

119 1633 244 1674 eorum
280 1613 345 1672 ille
382 1632 490 1690 opera
527 1634 567 1672 ne
605 1609 743 1673 domum
783 1614 925 1689 quidem
966 1612 1094 1672 habuit

763 1702 1042 1776 conducticiam,

120 1792 253 1852 saltem
285 1794 325 1849 ui
359 1796 453 1850 esset
490 1811 557 1868 quo
593 1793 750 1851 referret
786 1792 923 1851 obitum
960 1792 1095 1850 domini

764 1882 937 1940 servulus.
975 1889 978 1897 '

146 1979 221 2034 Suet.
241 1981 288 2034 eit.
311 1980 369 2034 Ter.
390 2005 423 2025 =
444 1980 532 2035 Varro
546 1981 582 2046 fr.
593 1984 645 2034 301
665 1979 780 2034 Porcius
799 2002 846 2033 -ε
873 1995 926 2034 cum
938 1993 1055 2034 lasciviam
1068 2009 1095 2018 -

74 2066 177 2106 corvulus

149 2155 163 2201 1
185 2147 261 2201 laud.
276 2147 296 2201 f.
311 2148 339 2202 A
355 2174 389 2193 =
403 2149 496 2203 Paris.
513 2154 585 2204 7920
603 2149 622 2203 f.
638 2149 713 2203 laud.
728 2151 785 2204 rell.
858 2154 873 2201 ‘2
893 2149 963 2203 voe&
981 2148 1048 2201 dum
1067 2149 1096 2201 et

75 2219 266 2274 inhuiueeiA
338 2219 480 2273 3Philum
491 2220 576 2276 Rota:
591 2221 714 2276 fixumA
727 2220 833 2273 furium
841 2221 898 2275 rell.
963 2226 1048 2274 iam.
1059 2219 1094 2272 ab

75 2309 133 2363 hic:
153 2310 315 2376 manoperai
368 2307 466 2362 eredat
479 2311 507 2364 A
526 2309 616 2363 credit
629 2312 685 2365 rell.
698 2310 805 2364 tradita
818 2310 926 2364 secavi
978 2309 1053 2378 rapit
1068 2309 1096 2362 A

77 2388 93 2435 6
113 2381 246 2434 lacunam
259 2381 329 2450 ripa
346 2380 449 2434 Vahlen
521 2387 536 2434 6
555 2382 620 2450 poet
634 2382 662 2436 A
677 2381 755 2450 ipsus
771 2381 859 2450 (ipsis)
874 2382 932 2435 rell.
947 2381 1005 2434 auis
1018 2381 1095 2449 posi·

76 2451 144 2505 latia
159 2452 268 2506 Raucae
334 2451 429 2508 'labit
442 2452 547 2506 Aabiit
556 2453 585 2505 in
596 2455 653 2507 rell.
668 2452 717 2506 ubi
728 2453 789 2514 abit
798 2453 891 2521 Berpie
953 2452 1096 2523 graeciam

79 2523 225 2592 (greciam)
291 2527 307 2576 8
321 2525 447 2576 morinus
457 2525 500 2576 esi
509 2523 597 2578 infalo
608 2524 647 2590 (in
657 2521 767 2592 phalo):
786 2541 834 2577 em.
845 2524 936 2594 Beryie
984 2523 1015 2577 in
1030 2523 1094 2577 add.

78 2595 153 2650 Rota
211 2593 311 2647 Publio
329 2595 418 2664 awppl.
439 2595 546 2651 Bacchi
613 2593 692 2648 9ilii
710 2595 737 2648 A
757 2595 784 2648 ei
801 2595 858 2649 reli.
918 2593 1007 2647 furius
1026 2593 1095 2664 tres]

77 2665 295 2790 siminiairpeff
322 2670 380 2734 (cm.
400 2667 432 2720 ia
449 2683 501 2736 mp.
520 2684 555 2720 oc.
574 2671 637 2736 rec.)
730 2671 762 2720 11
786 2665 898 2736 habuit]
922 2665 946 2718 ei
970 2666 1050 2720 abuit
1068 2668 1096 2720 A

79 2743 112 2790 12
138 2751 247 2790 aervuo

543 2869 562 2927 5
587 2864 635 2948 [5]

824 2961 915 3019 salsi
936 2960 1052 3018 fretus

153 3047 235 3102 eluar.
245 3065 276 3116 p.
292 3051 353 3114 129,
369 3052 387 3101 6
404 3047 502 3114 fretus,
521 3047 604 3102 huius
618 3048 706 3103 fretus
721 3048 836 3103 Porcius
851 3049 964 3103 Licinus
978 3047 1098 3120 [luciani

78 3118 137 3175 eod.
156 3136 193 3172 m.
213 3124 229 3174 1
248 3117 347 3172 lieinni
365 3136 399 3173 m.
414 3119 453 3191 2],
473 3121 505 3172 ut
523 3118 631 3173 Plinius
650 3121 749 3175 codem
768 3121 903 3175 sermonis
922 3120 1002 3174 dubii
1024 3119 1097 3174 libro

77 3189 117 3243 VI
131 3188 219 3243 referi
238 3189 279 3260 [p.
295 3195 338 3258 17,
354 3194 389 3245 18
404 3190 461 3262 B.]‚
482 3205 535 3246 salsi
549 3206 624 3246 fretur.
653 3193 803 3248 erimardo
817 3193 918 3247 Licino
931 3209 1023 3247 emaus
1038 3192 1096 3246 Lac·

78 3262 140 3316 ciiii
154 3265 210 3316 939
226 3263 286 3316 Ma.
318 3263 399 3332 culpo
413 3263 552 3316 tribuitur.
586 3266 720 3332 ceteroqui
736 3265 772 3330 fr.
787 3265 836 3319 hoc
850 3270 875 3318 et
889 3268 907 3317 6
920 3265 973 3318 hac
991 3266 1096 3319 rettuli·

78 3349 149 3400 mua,
167 3350 203 3386 ae
221 3333 288 3402 quid
306 3333 391 3399 dceit;
409 3340 599 3404 orpumeatum
618 3338 690 3390 caim
708 3338 832 3405 ipaotum
850 3336 895 3390 ec't.
968 3402 971 3407 ι

407 3529 411 3536 ,
516 3487 536 3543 6
560 3479 662 3564 [deest]

693 3593 851 3651 volitare
875 3591 1053 3648 ululantis

135 3699 301 3741 crematione
315 3701 432 3740 Romanae
446 3701 576 3750 fragmenta
593 3701 627 3740 ed.
643 3701 766 3740 Fureronr
869 3693 884 3741 6
