2460 3900
174 163 238 225 112
357 161 563 217 Grammaticus
583 164 831 218 antevarroniauae
849 164 1010 235 fragmenta

669 337 687 391 1

146 505 149 510 ⁸
242 437 328 497 Olor.
347 455 380 512 p.
400 441 475 506 229,
492 441 533 496 30
563 443 610 498 ast
633 439 713 515 apud
736 442 876 515 antiquos
900 443 1016 500 variam
1040 444 1102 500 vim
1123 460 1177 500 oon·

171 528 244 585 tulit
265 526 400 603 vooibus,
428 547 482 603 pro
506 532 606 604 atque,
632 549 688 604 pro
712 547 754 604 ao,
782 548 837 605 pro
861 549 941 606 ergo,
970 550 1025 607 pro
1049 531 1109 605 sed,
1133 549 1177 606 pro

172 619 282 690 tamen,
314 635 369 693 pro
401 618 475 691 tum,
507 637 561 692 pro
594 637 670 692 oum,
702 621 739 676 ut
770 620 802 676 in
835 619 941 696 glossis
974 620 1179 695 antiquitatum

171 707 298 784 legimus
323 706 476 781 seriptum.

667 825 690 881 2

241 927 327 988 Olor.
351 945 383 1000 p.
408 931 543 996 242,10
574 929 746 988 butubatta
792 929 848 988 hoo
877 929 1004 989 Plautus
1036 925 1110 1010 [sab.
1134 933 1178 989 ino.

173 1019 214 1090 fr.
228 1011 328 1096 6111]
344 1037 400 1093 pro
409 1017 504 1076 nihilo
515 1021 545 1076 et
553 1038 608 1093 pro
619 1021 707 1095 nugis
721 1019 832 1094 posuit,
846 1022 880 1078 ut
889 1020 920 1076 in
931 1019 1040 1096 glossis
1050 1024 1180 1079 veterum.

171 1107 258 1166 Paul.
277 1107 356 1166 Post.
375 1125 408 1180 p.
429 1109 480 1174 36,
499 1110 518 1165 6
540 1105 704 1166 butubatta
722 1108 855 1166 Naevius
882 1101 940 1186 [ΙΙ
957 1101 1179 1186 6131161663]

171 1215 226 1271 pro
249 1197 419 1274 nugatoriis
442 1198 553 1271 posuit,
575 1197 631 1255 hoo
655 1199 700 1256 est
723 1197 837 1256 nullius
860 1197 1053 1275 dignationis.

670 1333 691 1389 3

149 1471 151 1476 ·
243 1436 330 1496 Ultor.
345 1456 377 1510 p.
397 1439 530 1505 24211
553 1438 694 1513 huttarn,
717 1438 824 1497 fluotus
848 1437 970 1513 quidam
989 1433 1086 1516 (aut)
1105 1455 1181 1497 sonus

173 1528 254 1585 voois
283 1526 489 1601 effeminatior,
518 1529 553 1584 ut
576 1545 639 1586 esse
661 1529 694 1584 iu
717 1530 808 1586 saeris
831 1526 1057 1604 Anagninorum
1086 1545 1182 1587 vocum

171 1619 306 1674 veterum
329 1617 508 1691 interpretes
532 1615 673 1674 scribunt.

245 1701 258 1749 1
279 1698 329 1750 aut
347 1697 458 1751 addidi:
478 1694 522 1751 vel
542 1698 608 1751 Keil
681 1703 696 1750 3
717 1697 798 1751 sorib'
818 1696 876 1752 cod.

669 1824 688 1878 4

245 1928 340 1986 Varro
371 1929 406 1986 do
434 1929 453 1986 l.
472 1927 510 1986 L.
536 1931 564 1995 7,
580 1930 623 1986 34
659 1929 691 1985 in
722 1927 809 1985 Medo
843 1921 965 2006 [Poeno.
993 1946 1020 1986 o.
1044 1930 1112 1987 232
1125 1917 1181 2003 R.³]

176 2011 329 2076 ‘caelitum
367 2017 501 2090 camilla,
538 2019 695 2092 expectata
732 2016 869 2075 advenis:
915 2017 1011 2090 salve,
1048 2009 1183 2092 hospital'

174 2099 317 2165 ‘camilla'
336 2105 387 2182 qui
407 2106 589 2182 glossemata
606 2107 800 2181 interpretati
817 2104 958 2165 dixerunt
975 2105 1182 2166 administram.

244 2197 278 2263 cf.
299 2196 372 2250 Serv.
392 2195 469 2250 Dan.
489 2196 558 2250 Aea.
574 2201 618 2262 11,
633 2199 693 2249 543.
734 2195 857 2250 Macrob.
873 2199 899 2262 3,
914 2200 975 2262 8,7
1016 2196 1099 2250 Paul.
1119 2197 1183 2250 Fen.

167 2269 445 2338 pamma

246 2351 261 2399 3
281 2345 425 2400 camillam
445 2347 594 2402 OMueller
647 2345 805 2417 glosemata
823 2347 905 2402 Flor.

671 2479 690 2538 5

242 2586 349 2646 Glossa
377 2588 522 2646 Vaticano
546 2579 656 2667 (OGL
676 2587 731 2645 IV
750 2588 803 2654 28,
827 2590 865 2657 2,·
892 2588 927 2660 os.
951 2587 1021 2646 ibid.
1045 2587 1119 2663 215,
1132 2588 1182 2664 26)

172 2676 305 2751 cardons,
328 2695 401 2736 vasa
424 2676 533 2734 fretiva
557 2675 708 2734 Saliorum
732 2669 834 2754 [carm.
857 2677 911 2735 sol.
935 2677 996 2734 roll.
1020 2678 1076 2736 ino.
1103 2668 1182 2752 rit]

243 2767 278 2833 of.
300 2767 387 2822 Varro
402 2767 434 2822 de
448 2767 465 2820 l.
481 2767 516 2820 L.
533 2769 559 2832 5,
574 2769 635 2820 121.
661 2767 694 2820 de
707 2767 754 2822 att.
770 2766 841 2822 Ru.
856 2767 878 2819 Ι
888 2783 933 2834 op.
948 2766 1023 2820 Nou.
1034 2785 1065 2836 p.
1076 2772 1137 2832 547,
1148 2767 1183 2819 12.

172 2839 255 2893 Paul.
270 2839 345 2892 Fest.
354 2855 386 2908 p.
401 2842 448 2905 48,
462 2842 487 2892 9.

625 2948 628 2954 ’
669 2947 690 3002 6

196 3018 200 3024 ³
238 3051 316 3110 Fest.
342 3070 374 3125 p.
401 3053 465 3109 166
470 3044 527 3119 ⁶,6
563 3070 693 3110 nauoum
725 3052 770 3108 ait
802 3049 907 3109 Ateius
941 3049 1118 3128 Philologus
1150 3079 1181 3090 -

173 3133 224 3219 [fr.
245 3134 292 3220 3],
330 3139 448 3200 Oinoius
480 3171 524 3180 —-
554 3134 606 3218 [fr.
625 3133 698 3219 20]‚
735 3139 838 3202 Aelius
871 3139 948 3199 Stilo
978 3169 1021 3180 -
1053 3131 1182 3218 [fr.19],

174 3229 422 3307 glossematorum
445 3232 544 3288 autern
565 3229 733 3305 scriptores,
755 3229 843 3288 fabae
862 3230 949 3307 grani
967 3229 1049 3304 quod
1070 3227 1182 3287 haereat

173 3319 207 3376 iu
229 3319 341 3377 fabulo,
381 3317 468 3378 Ultor.
486 3336 519 3393 p.
539 3320 614 3387 207,
632 3321 651 3377 6
673 3320 765 3377 nauoi
786 3337 841 3394 pro
864 3317 953 3377 nihili
975 3321 1006 3377 te
1025 3317 1109 3378 duco.
1145 3317 1182 3375 est

176 3410 277 3466 autem
300 3406 388 3465 fabae
412 3426 547 3482 granum,
570 3427 637 3466 oum
661 3426 691 3466 se
715 3409 821 3483 aperit.

243 3488 279 3553 cf.
300 3487 390 3554 Groff,
411 3489 534 3560 Me'lany.
565 3487 743 3544 Gre'oo-Rom.
758 3491 787 3554 2,
801 3492 857 3543 306
870 3505 908 3557 sq.

245 3569 260 3618 8
279 3564 497 3636 glosematorum
