2534 3908
134 160 173 213 VI
442 165 443 170 ’
570 158 712 213 Praefatio

201 331 233 386 in
259 329 407 388 indicibus
432 327 619 386 conficiendis
642 330 767 386 comiter
788 346 835 385 me
859 327 1037 387 adiuverunt
1060 329 1148 386 emiei

135 420 243 494 optimi
270 418 483 477 IAistermann
511 420 541 475 el
565 416 718 490 PBeeker,
748 419 900 475 seminarii
927 416 1148 494 philologorum

135 498 300 566 Bonneneis
324 507 461 566 seniores.
500 508 531 563 in
555 506 631 565 libro
651 508 752 564 eutem
775 505 957 564 emendando
975 505 1056 564 ultro
1075 505 1149 564 mihi

135 615 256 672 operum
274 596 356 655 dedit
372 595 546 668 FSolmsem
566 597 618 671 qui
630 613 740 672 magne
759 614 795 654 ex
807 597 892 670 parde
908 595 1046 672 plagulas
1061 595 1149 672 legit3

135 704 189 744 nee
208 685 303 744 defuit
313 685 432 745 Vitellii
449 687 589 761 prompte
606 685 744 743 voluntas
760 686 988 760 auctoritasque.
1016 685 1148 743 consiliis

135 776 227 833 etiem
240 774 431 833 FRemorino
451 777 482 832 et
495 773 691 832 RSubbedini
708 793 755 832 me
775 774 959 832 adiuverunt.
992 773 1039 831 his
1055 776 1150 832 omni-

135 863 191 922 bus
214 867 287 923 viris
311 867 441 941 gretiam
462 863 557 922 habeo
578 881 726 942 magnam.
761 863 812 921 sed
835 862 946 920 nemini
964 865 1083 921 tunium
1101 882 1150 920 me

136 952 240 1012 debere
258 952 399 1029 profiteor
418 955 562 1029 quantum
580 952 769 1025 Buecheler0‚
788 952 909 1027 eiusque
927 970 1035 1010 nomen
1050 954 1150 1028 auspi·

137 1044 320 1100 eutissimum
338 1043 410 1101 libri
427 1040 579 1100 exordium
598 1060 660 1101 esse
679 1041 770 1114 volui,
790 1043 824 1100 ut
843 1060 920 1116 quae
939 1040 976 1100 ab
996 1060 1030 1099 eo
1049 1043 1151 1116 eceepi

136 1134 163 1190 ei
182 1131 343 1190 redderem.
380 1150 440 1191 non
459 1131 554 1189 solum
574 1133 653 1188 enim
670 1129 789 1205 publice
808 1133 839 1188 ei
856 1132 999 1206 privatim
1017 1129 1149 1189 docendo

136 1223 240 1279 uuelor
258 1224 288 1280 ei
306 1220 365 1278 dux
384 1222 481 1295 operis
499 1221 566 1293 fuit,
585 1219 636 1279 sed
654 1222 686 1277 in
703 1219 835 1297 plagulis
853 1222 945 1278 eliam
959 1219 1150 1278 emendandis

136 1310 231 1369 multe
250 1312 280 1369 et
298 1310 422 1386 pulchra
436 1309 561 1382 eddidit,
580 1310 733 1384 complura
748 1309 825 1368 falsa
838 1309 950 1381 reiecit,
969 1307 1031 1367 elie
1043 1326 1151 1367 meuee

137 1400 288 1475 supplevit
311 1403 366 1465 uui¹
386 1399 557 1458 obscuriora
578 1399 751 1458 illustravit.
789 1398 868 1473 quod
889 1400 915 1458 si
933 1402 1043 1471 tumen,
1064 1415 1150 1473 prae·

137 1490 321 1547 stentiesime
344 1490 501 1565 magister,
529 1487 584 1546 hoe
607 1487 718 1546 donum
739 1506 841 1546 meum
863 1505 979 1546 summo
1002 1489 1067 1547 viro
1090 1506 1150 1547 nou

136 1579 209 1635 selis
230 1577 353 1654 dignum
373 1580 426 1650 est,
449 1577 541 1635 Plinii
559 1576 650 1634 verba
667 1579 700 1635 in
718 1579 893 1635 memoriam
911 1575 1028 1655 rediges
1046 1577 1151 1635 velim:

138 1661 194 1724 ‘dis
222 1667 300 1726 laete
326 1668 433 1726 rustici
459 1667 631 1741 multaeque
658 1668 761 1743 gentes
789 1669 819 1724 ei
845 1666 926 1725 mola
953 1667 1045 1724 litant
1071 1665 1151 1724 sulse

138 1758 190 1830 qui
207 1774 267 1815 uon
285 1755 396 1814 habent
414 1758 491 1829 lure,
514 1774 567 1815 nee
585 1756 641 1813 ulli
659 1755 719 1813 fuit
736 1756 810 1813 vilio
829 1754 899 1814 deos
918 1755 1012 1814 eolere
1031 1773 1150 1830 quoquo

136 1843 224 1903 modo
246 1839 366 1920 posset'.

203 1968 318 2028 Dabam
343 1970 465 2028 Bonnee
487 1989 586 2030 mense
609 1968 745 2047 Augusto
768 1967 924 2028 MGMVII.
949 1920 951 1924 Ι
